@ARTICLE{1999ApJ...511....5E,
   author = {{Eisenstein}, D.~J. and {Hu}, W.},
    title = "{Power Spectra for Cold Dark Matter and Its Variants}",
  journal = {\apj},
   eprint = {astro-ph/9710252},
 keywords = {COSMOLOGY: THEORY, COSMOLOGY: DARK MATTER, COSMOLOGY: LARGE-SCALE STRUCTURE OF UNIVERSE, Cosmology: Theory, Cosmology: Dark Matter, Cosmology: Large-Scale Structure of Universe},
     year = 1999,
    month = jan,
   volume = 511,
    pages = {5-15},
      doi = {10.1086/306640},
   adsurl = {http://adsabs.harvard.edu/abs/1999ApJ...511....5E},
  adsnote = {Provided by the SAO/NASA Astrophysics Data System}
}

@ARTICLE{2004A&A...416..391L,
   author = {{Lenzen}, F. and {Schindler}, S. and {Scherzer}, O.},
    title = "{Automatic detection of arcs and arclets formed by gravitational lensing}",
  journal = {\aap},
   eprint = {astro-ph/0311554},
 keywords = {methods: data analysis, techniques: image processing, galaxies: clusters: general, gravitational lensing},
     year = 2004,
    month = mar,
   volume = 416,
    pages = {391-401},
      doi = {10.1051/0004-6361:20034619},
   adsurl = {http://adsabs.harvard.edu/abs/2004A%26A...416..391L},
  adsnote = {Provided by the SAO/NASA Astrophysics Data System}
}

@ARTICLE{2013A&G....54a1.22R,
   author = {{Ridpath}, I.},
    title = "{Alexander Jamieson, celestial map maker}",
  journal = {Astronomy and Geophysics},
     year = 2013,
    month = feb,
   volume = 54,
   number = 1,
    pages = {1.22-1.23},
      doi = {10.1093/astrogeo/ats036},
   adsurl = {http://adsabs.harvard.edu/abs/2013A%26G....54a1.22R},
  adsnote = {Provided by the SAO/NASA Astrophysics Data System}
}
@BOOK{1992grle.book.....S,
   author = {{Schneider}, P. and {Ehlers}, J. and {Falco}, E.~E.},
    title = "{Gravitational Lenses}",
 keywords = {EXTRAGALACTIC COSMOLOGY, EXTRAGALAKTISCHE KOSMOLOGIE, GEOMETRICAL OPTICS, GEOMETRISCHE OPTIK, GRAVITATION, GRAVITATION, GRAVITATIONAL LENSING, GRAVITATIONSLINSEN, QUASARE, QUASARS, REDSHIFT, ROTVERSCHIEBUNG, GRAVITATIONAL LENSES},
booktitle = {Gravitational Lenses, XIV, 560 pp.~112 figs..~Springer-Verlag Berlin Heidelberg New York.~ Also Astronomy and Astrophysics Library},
     year = 1992,
    pages = {112},
      doi = {10.1007/978-3-662-03758-4},
   adsurl = {http://adsabs.harvard.edu/abs/1992grle.book.....S},
  adsnote = {Provided by the SAO/NASA Astrophysics Data System}
}
@ARTICLE{2010A&A...523A..28K,
   author = {{Krause}, E. and {Hirata}, C.~M.},
    title = "{Weak lensing power spectra for precision cosmology. Multiple-deflection, reduced shear, and lensing bias corrections}",
  journal = {\aap},
archivePrefix = "arXiv",
   eprint = {0910.3786},
 keywords = {cosmology: theory, gravitational lensing: weak, large-scale structure of the Universe, methods: analytical},
     year = 2010,
    month = nov,
   volume = 523,
      eid = {A28},
    pages = {A28},
      doi = {10.1051/0004-6361/200913524},
   adsurl = {http://adsabs.harvard.edu/abs/2010A%26A...523A..28K},
  adsnote = {Provided by the SAO/NASA Astrophysics Data System}
}
@ARTICLE{2009A&A...499...31H,
   author = {{Hilbert}, S. and {Hartlap}, J. and {White}, S.~D.~M. and {Schneider}, P.
	},
    title = "{Ray-tracing through the Millennium Simulation: Born corrections and lens-lens coupling in cosmic shear and galaxy-galaxy lensing}",
  journal = {\aap},
archivePrefix = "arXiv",
   eprint = {0809.5035},
 keywords = {gravitational lensing, dark matter, large-scale structure of Universe, cosmology: theory, methods: numerical},
     year = 2009,
    month = may,
   volume = 499,
    pages = {31-43},
      doi = {10.1051/0004-6361/200811054},
   adsurl = {http://adsabs.harvard.edu/abs/2009A%26A...499...31H},
  adsnote = {Provided by the SAO/NASA Astrophysics Data System}
}
@ARTICLE{1997MNRAS.286..696S,
   author = {{Schneider}, P. and {Bartelmann}, M.},
    title = "{Aperture multipole moments from weak gravitational lensing}",
  journal = {\mnras},
   eprint = {astro-ph/9607095},
 keywords = {GRAVITATIONAL LENSING},
     year = 1997,
    month = apr,
   volume = 286,
    pages = {696-708},
      doi = {10.1093/mnras/286.3.696},
   adsurl = {http://adsabs.harvard.edu/abs/1997MNRAS.286..696S},
  adsnote = {Provided by the SAO/NASA Astrophysics Data System}
}
@ARTICLE{2016arXiv160603216H,
   author = {{Hilbert}, S. and {Xu}, D. and {Schneider}, P. and {Springel}, V. and 
	{Vogelsberger}, M. and {Hernquist}, L.},
    title = "{Intrinsic Alignments in the Illustris Simulation}",
  journal = {ArXiv e-prints},
archivePrefix = "arXiv:1606.03216",
   eprint = {1606.03216},
 keywords = {Astrophysics - Cosmology and Nongalactic Astrophysics, Astrophysics - Astrophysics of Galaxies},
     year = 2016,
    month = jun,
   adsurl = {http://adsabs.harvard.edu/abs/2016arXiv160603216H},
  adsnote = {Provided by the SAO/NASA Astrophysics Data System}
}
@ARTICLE{2009ARA&A..47..159B,
   author = {{Blanton}, M.~R. and {Moustakas}, J.},
    title = "{Physical Properties and Environments of Nearby Galaxies}",
  journal = {\araa},
archivePrefix = "arXiv",
   eprint = {0908.3017},
     year = 2009,
    month = sep,
   volume = 47,
    pages = {159-210},
      doi = {10.1146/annurev-astro-082708-101734},
   adsurl = {http://adsabs.harvard.edu/abs/2009ARA%26A..47..159B},
  adsnote = {Provided by the SAO/NASA Astrophysics Data System}
}
@INBOOK{2013pss6.book..305P,
   author = {{Perlman}, E.~S.},
    title = "{Active Galactic Nuclei}",
 keywords = {Physics},
booktitle = {Planets, Stars and Stellar Systems.~Volume 6: Extragalactic Astronomy and Cosmology},
     year = 2013,
   editor = {{Oswalt}, T.~D. and {Keel}, W.~C.},
    pages = {305},
      doi = {10.1007/978-94-007-5609-0_7},
   adsurl = {http://adsabs.harvard.edu/abs/2013pss6.book..305P},
  adsnote = {Provided by the SAO/NASA Astrophysics Data System}
}
@ARTICLE{2016arXiv160605338H,
   author = {{Hildebrandt}, H. and {Viola}, M. and {Heymans}, C. and {Joudaki}, S. and 
	{Kuijken}, K. and {Blake}, C. and {Erben}, T. and {Joachimi}, B. and 
	{Klaes}, D. and {Miller}, L. and {Morrison}, C.~B. and {Nakajima}, R. and 
	{Verdoes Kleijn}, G. and {Amon}, A. and {Choi}, A. and {Covone}, G. and 
	{de Jong}, J.~T.~A. and {Dvornik}, A. and {Fenech Conti}, I. and 
	{Grado}, A. and {Harnois-D{\'e}raps}, J. and {Herbonnet}, R. and 
	{Hoekstra}, H. and {K{\"o}hlinger}, F. and {McFarland}, J. and 
	{Mead}, A. and {Merten}, J. and {Napolitano}, N. and {Peacock}, J.~A. and 
	{Radovich}, M. and {Schneider}, P. and {Simon}, P. and {Valentijn}, E.~A. and 
	{van den Busch}, J.~L. and {van Uitert}, E. and {Van Waerbeke}, L.
	},
    title = "{KiDS-450: Cosmological parameter constraints from tomographic weak gravitational lensing}",
  journal = {ArXiv e-prints},
archivePrefix = "arXiv",
   eprint = {1606.05338},
 keywords = {Astrophysics - Cosmology and Nongalactic Astrophysics},
     year = 2016,
    month = jun,
   adsurl = {http://adsabs.harvard.edu/abs/2016arXiv160605338H},
  adsnote = {Provided by the SAO/NASA Astrophysics Data System}
}

@ARTICLE{2016MNRAS.459..971K,
   author = {{Kitching}, T.~D. and {Verde}, L. and {Heavens}, A.~F. and {Jimenez}, R.
	},
    title = "{Discrepancies between CFHTLenS cosmic shear and Planck: new physics or systematic effects?}",
  journal = {\mnras},
archivePrefix = "arXiv",
   eprint = {1602.02960},
 keywords = {gravitational lensing: weak, cosmological parameters},
     year = 2016,
    month = jun,
   volume = 459,
    pages = {971-981},
      doi = {10.1093/mnras/stw707},
   adsurl = {http://adsabs.harvard.edu/abs/2016MNRAS.459..971K},
  adsnote = {Provided by the SAO/NASA Astrophysics Data System}
}

@ARTICLE{2015PhRvD..92b3003D,
   author = {{Dossett}, J.~N. and {Ishak}, M. and {Parkinson}, D. and {Davis}, T.~M.
	},
    title = "{Constraints and tensions in testing general relativity from Planck and CFHTLenS data including intrinsic alignment systematics}",
  journal = {\prd},
archivePrefix = "arXiv",
   eprint = {1501.03119},
 keywords = {Dark energy, Gravitational lenses and luminous arcs, Observational cosmology},
     year = 2015,
    month = jul,
   volume = 92,
   number = 2,
      eid = {023003},
    pages = {023003},
      doi = {10.1103/PhysRevD.92.023003},
   adsurl = {http://adsabs.harvard.edu/abs/2015PhRvD..92b3003D},
  adsnote = {Provided by the SAO/NASA Astrophysics Data System}
}

@ARTICLE{2015MNRAS.451.2877M,
   author = {{MacCrann}, N. and {Zuntz}, J. and {Bridle}, S. and {Jain}, B. and 
	{Becker}, M.~R.},
    title = "{Cosmic discordance: are Planck CMB and CFHTLenS weak lensing measurements out of tune?}",
  journal = {\mnras},
archivePrefix = "arXiv",
   eprint = {1408.4742},
 keywords = {gravitational lensing: weak, cosmic background radiation, cosmological parameters, cosmology: observations, dark energy, dark matter},
     year = 2015,
    month = aug,
   volume = 451,
    pages = {2877-2888},
      doi = {10.1093/mnras/stv1154},
   adsurl = {http://adsabs.harvard.edu/abs/2015MNRAS.451.2877M},
  adsnote = {Provided by the SAO/NASA Astrophysics Data System}
}

@ARTICLE{2016MNRAS.459.3203C,
   author = {{Chang}, C. and {Pujol}, A. and {Gazta{\~n}aga}, E. and {Amara}, A. and 
	{R{\'e}fr{\'e}gier}, A. and {Bacon}, D. and {Becker}, M.~R. and 
	{Bonnett}, C. and {Carretero}, J. and {Castander}, F.~J. and 
	{Crocce}, M. and {Fosalba}, P. and {Giannantonio}, T. and {Hartley}, W. and 
	{Jarvis}, M. and {Kacprzak}, T. and {Ross}, A.~J. and {Sheldon}, E. and 
	{Troxel}, M.~A. and {Vikram}, V. and {Zuntz}, J. and {Abbott}, T.~M.~C. and 
	{Abdalla}, F.~B. and {Allam}, S. and {Annis}, J. and {Benoit-L{\'e}vy}, A. and 
	{Bertin}, E. and {Brooks}, D. and {Buckley-Geer}, E. and {Burke}, D.~L. and 
	{Capozzi}, D. and {Rosell}, A.~C. and {Kind}, M.~C. and {Cunha}, C.~E. and 
	{D'Andrea}, C.~B. and {da Costa}, L.~N. and {Desai}, S. and 
	{Diehl}, H.~T. and {Dietrich}, J.~P. and {Doel}, P. and {Eifler}, T.~F. and 
	{Estrada}, J. and {Evrard}, A.~E. and {Flaugher}, B. and {Frieman}, J. and 
	{Goldstein}, D.~A. and {Gruen}, D. and {Gruendl}, R.~A. and 
	{Gutierrez}, G. and {Honscheid}, K. and {Jain}, B. and {James}, D.~J. and 
	{Kuehn}, K. and {Kuropatkin}, N. and {Lahav}, O. and {Li}, T.~S. and 
	{Lima}, M. and {Marshall}, J.~L. and {Martini}, P. and {Melchior}, P. and 
	{Miller}, C.~J. and {Miquel}, R. and {Mohr}, J.~J. and {Nichol}, R.~C. and 
	{Nord}, B. and {Ogando}, R. and {Plazas}, A.~A. and {Reil}, K. and 
	{Romer}, A.~K. and {Roodman}, A. and {Rykoff}, E.~S. and {Sanchez}, E. and 
	{Scarpine}, V. and {Schubnell}, M. and {Sevilla-Noarbe}, I. and 
	{Smith}, R.~C. and {Soares-Santos}, M. and {Sobreira}, F. and 
	{Suchyta}, E. and {Swanson}, M.~E.~C. and {Tarle}, G. and {Thomas}, D. and 
	{Walker}, A.~R.},
    title = "{Galaxy bias from the Dark Energy Survey Science Verification data: combining galaxy density maps and weak lensing maps}",
  journal = {\mnras},
archivePrefix = "arXiv",
   eprint = {1601.00405},
 keywords = {gravitational lensing: weak, surveys, large-scale structure of Universe},
     year = 2016,
    month = jul,
   volume = 459,
    pages = {3203-3216},
      doi = {10.1093/mnras/stw861},
   adsurl = {http://adsabs.harvard.edu/abs/2016MNRAS.459.3203C},
  adsnote = {Provided by the SAO/NASA Astrophysics Data System}
}

@ARTICLE{2016arXiv160707910S,
   author = {{Samuroff}, S and {Troxel}, M. and {Bridle}, S. and {Zuntz}, J and 
	{MacCrann}, N and {Krause}, E and {Eifler}, T and {Kirk}, D},
    title = "{Simultaneous Constraints on Cosmology and Photometric Redshift Bias from Weak Lensing and Galaxy Clustering}",
  journal = {ArXiv e-prints},
archivePrefix = "arXiv",
   eprint = {1607.07910},
 keywords = {Astrophysics - Cosmology and Nongalactic Astrophysics},
     year = 2016,
    month = jul,
   adsurl = {http://adsabs.harvard.edu/abs/2016arXiv160707910S},
  adsnote = {Provided by the SAO/NASA Astrophysics Data System}
}

@ARTICLE{2012MNRAS.421.1073B,
   author = {{Bah{\'e}}, Y.~M. and {McCarthy}, I.~G. and {King}, L.~J.},
    title = "{Mock weak lensing analysis of simulated galaxy clusters: bias and scatter in mass and concentration}",
  journal = {\mnras},
archivePrefix = "arXiv",
   eprint = {1106.2046},
 primaryClass = "astro-ph.CO",
 keywords = {gravitational lensing: weak, galaxies: clusters: general, galaxies: groups: general, cosmology: theory},
     year = 2012,
    month = apr,
   volume = 421,
    pages = {1073-1088},
      doi = {10.1111/j.1365-2966.2011.20364.x},
   adsurl = {http://adsabs.harvard.edu/abs/2012MNRAS.421.1073B},
  adsnote = {Provided by the SAO/NASA Astrophysics Data System}
}

@ARTICLE{2012ApJ...750...37J,
   author = {{Jullo}, E. and {Rhodes}, J. and {Kiessling}, A. and {Taylor}, J.~E. and 
	{Massey}, R. and {Berge}, J. and {Schimd}, C. and {Kneib}, J.-P. and 
	{Scoville}, N.},
    title = "{COSMOS: Stochastic Bias from Measurements of Weak Lensing and Galaxy Clustering}",
  journal = {\apj},
archivePrefix = "arXiv",
   eprint = {1202.6491},
 keywords = {cosmology: observations, gravitational lensing: weak, large-scale structure of universe},
     year = 2012,
    month = may,
   volume = 750,
      eid = {37},
    pages = {37},
      doi = {10.1088/0004-637X/750/1/37},
   adsurl = {http://adsabs.harvard.edu/abs/2012ApJ...750...37J},
  adsnote = {Provided by the SAO/NASA Astrophysics Data System}
}

@ARTICLE{2011MNRAS.416.1629M,
   author = {{Munshi}, D. and {Kitching}, T. and {Heavens}, A. and {Coles}, P.
	},
    title = "{Higher order statistics for three-dimensional shear and flexion}",
  journal = {\mnras},
archivePrefix = "arXiv",
   eprint = {1012.3658},
 keywords = {gravitational lensing: weak, methods: analytical, methods: numerical, methods: statistical, large-scale structure of Universe},
     year = 2011,
    month = sep,
   volume = 416,
    pages = {1629-1653},
      doi = {10.1111/j.1365-2966.2011.18434.x},
   adsurl = {http://adsabs.harvard.edu/abs/2011MNRAS.416.1629M},
  adsnote = {Provided by the SAO/NASA Astrophysics Data System}
}

@ARTICLE{2011MNRAS.411.2241M,
   author = {{Munshi}, D. and {Smidt}, J. and {Heavens}, A. and {Coles}, P. and 
	{Cooray}, A.},
    title = "{Higher order statistics of weak lensing shear and flexion}",
  journal = {\mnras},
archivePrefix = "arXiv",
   eprint = {1003.5003},
 keywords = {gravitational lensing: weak, methods: analytical, methods: numerical, methods: statistical, large-scale structure of Universe},
     year = 2011,
    month = mar,
   volume = 411,
    pages = {2241-2258},
      doi = {10.1111/j.1365-2966.2010.17838.x},
   adsurl = {http://adsabs.harvard.edu/abs/2011MNRAS.411.2241M},
  adsnote = {Provided by the SAO/NASA Astrophysics Data System}
}

@INPROCEEDINGS{2004AIPC..743..129B,
   author = {{Brainerd}, T.~G.},
    title = "{Constraints on Field Galaxy Halos from Weak Lensing and Satellite Dynamics}",
 keywords = {Galactic halos, Dark matter},
booktitle = {The New Cosmology: Conference on Strings and Cosmology},
     year = 2004,
   series = {American Institute of Physics Conference Series},
   volume = 743,
   eprint = {astro-ph/0411244},
   editor = {{Allen}, R.~E. and {Nanopoulos}, D.~V. and {Pope}, C.~N.},
    month = dec,
    pages = {129-156},
      doi = {10.1063/1.1848324},
   adsurl = {http://adsabs.harvard.edu/abs/2004AIPC..743..129B},
  adsnote = {Provided by the SAO/NASA Astrophysics Data System}
}

@ARTICLE{2008PhRvD..78l3506L,
   author = {{Loverde}, M. and {Afshordi}, N.},
    title = "{Extended Limber approximation}",
  journal = {\prd},
archivePrefix = "arXiv",
   eprint = {0809.5112},
 keywords = {Cosmology, Distances redshifts radial velocities, spatial distribution of galaxies, Observational cosmology},
     year = 2008,
    month = dec,
   volume = 78,
   number = 12,
      eid = {123506},
    pages = {123506},
      doi = {10.1103/PhysRevD.78.123506},
   adsurl = {http://adsabs.harvard.edu/abs/2008PhRvD..78l3506L},
  adsnote = {Provided by the SAO/NASA Astrophysics Data System}
}

@article{picinbono1996second,
  title={Second-order complex random vectors and normal distributions},
  author={Picinbono, Bernard},
  journal={IEEE Transactions on Signal Processing},
  volume={44},
  number={10},
  pages={2637--2640},
  year={1996},
  publisher={Citeseer}
}

@ARTICLE{2009A&A...500..647P,
   author = {{Paulin-Henriksson}, S. and {Refregier}, A. and {Amara}, A.},
    title = "{Optimal point spread function modeling for weak lensing: complexity and sparsity}",
  journal = {\aap},
archivePrefix = "arXiv",
   eprint = {0901.3557},
 primaryClass = "astro-ph.IM",
 keywords = {gravitational lensing, cosmology: dark matter, cosmology: cosmological parameters, cosmology: observations},
     year = 2009,
    month = jun,
   volume = 500,
    pages = {647-655},
      doi = {10.1051/0004-6361/200811061},
   adsurl = {http://adsabs.harvard.edu/abs/2009A%26A...500..647P},
  adsnote = {Provided by the SAO/NASA Astrophysics Data System}
}

@ARTICLE{2008A&A...484...67P,
   author = {{Paulin-Henriksson}, S. and {Amara}, A. and {Voigt}, L. and 
	{Refregier}, A. and {Bridle}, S.~L.},
    title = "{Point spread function calibration requirements for dark energy from cosmic shear}",
  journal = {\aap},
archivePrefix = "arXiv",
   eprint = {0711.4886},
 keywords = {gravitational lensing, cosmology: dark matter, cosmology: cosmological parameters},
     year = 2008,
    month = jun,
   volume = 484,
    pages = {67-77},
      doi = {10.1051/0004-6361:20079150},
   adsurl = {http://adsabs.harvard.edu/abs/2008A%26A...484...67P},
  adsnote = {Provided by the SAO/NASA Astrophysics Data System}
}

@ARTICLE{2011arXiv1110.3193L,
   author = {{Laureijs}, R. and {Amiaux}, J. and {Arduini}, S. and {Augu{\`e}res}, J.~-. and 
	{Brinchmann}, J. and {Cole}, R. and {Cropper}, M. and {Dabin}, C. and 
	{Duvet}, L. and {Ealet}, A. and et al.},
    title = "{Euclid Definition Study Report}",
  journal = {ArXiv e-prints},
archivePrefix = "arXiv",
   eprint = {1110.3193},
 primaryClass = "astro-ph.CO",
 keywords = {Astrophysics - Cosmology and Extragalactic Astrophysics, Astrophysics - Galaxy Astrophysics},
     year = 2011,
    month = oct,
   adsurl = {http://adsabs.harvard.edu/abs/2011arXiv1110.3193L},
  adsnote = {Provided by the SAO/NASA Astrophysics Data System}
}

@ARTICLE{2015MNRAS.450.2857H,
   author = {{Harnois-D{\'e}raps}, J. and {van Waerbeke}, L.},
    title = "{Simulations of weak gravitational lensing - II. Including finite support effects in cosmic shear covariance matrices}",
  journal = {\mnras},
archivePrefix = "arXiv",
   eprint = {1406.0543},
 keywords = {methods: numerical, dark matter, large-scale structure of Universe},
     year = 2015,
    month = jul,
   volume = 450,
    pages = {2857-2873},
      doi = {10.1093/mnras/stv794},
   adsurl = {http://adsabs.harvard.edu/abs/2015MNRAS.450.2857H},
  adsnote = {Provided by the SAO/NASA Astrophysics Data System}
}

@ARTICLE{2012MNRAS.426.1262H,
   author = {{Harnois-D{\'e}raps}, J. and {Vafaei}, S. and {Van Waerbeke}, L.
	},
    title = "{Gravitational lensing simulations - I. Covariance matrices and halo catalogues}",
  journal = {\mnras},
archivePrefix = "arXiv",
   eprint = {1202.2332},
 keywords = {gravitational lensing: weak, methods: statistical, dark matter, large-scale structure of Universe},
     year = 2012,
    month = oct,
   volume = 426,
    pages = {1262-1279},
      doi = {10.1111/j.1365-2966.2012.21624.x},
   adsurl = {http://adsabs.harvard.edu/abs/2012MNRAS.426.1262H},
  adsnote = {Provided by the SAO/NASA Astrophysics Data System}
}


@ARTICLE{2012MNRAS.421..381H,
   author = {{Heymans}, C. and {Rowe}, B. and {Hoekstra}, H. and {Miller}, L. and 
	{Erben}, T. and {Kitching}, T. and {van Waerbeke}, L.},
    title = "{The impact of high spatial frequency atmospheric distortions on weak-lensing measurements}",
  journal = {\mnras},
archivePrefix = "arXiv",
   eprint = {1110.4913},
 keywords = {gravitational lensing: weak, cosmology: observations},
     year = 2012,
    month = mar,
   volume = 421,
    pages = {381-389},
      doi = {10.1111/j.1365-2966.2011.20312.x},
   adsurl = {http://adsabs.harvard.edu/abs/2012MNRAS.421..381H},
  adsnote = {Provided by the SAO/NASA Astrophysics Data System}
}

@ARTICLE{2015ApJ...807..182M,
   author = {{Meyers}, J.~E. and {Burchat}, P.~R.},
    title = "{Impact of Atmospheric Chromatic Effects on Weak Lensing Measurements}",
  journal = {\apj},
archivePrefix = "arXiv",
   eprint = {1409.6273},
 keywords = {atmospheric effects, cosmology: observations, gravitational lensing: weak, techniques: image processing},
     year = 2015,
    month = jul,
   volume = 807,
      eid = {182},
    pages = {182},
      doi = {10.1088/0004-637X/807/2/182},
   adsurl = {http://adsabs.harvard.edu/abs/2015ApJ...807..182M},
  adsnote = {Provided by the SAO/NASA Astrophysics Data System}
}

@ARTICLE{2011MNRAS.416.1045K,
   author = {{Kiessling}, A. and {Taylor}, A.~N. and {Heavens}, A.~F.},
    title = "{Simulating the effect of non-linear mode coupling in cosmological parameter estimation}",
  journal = {\mnras},
archivePrefix = "arXiv",
   eprint = {1103.3245},
 keywords = {gravitational lensing: weak, methods: numerical, methods: statistical, large-scale structure of Universe},
     year = 2011,
    month = sep,
   volume = 416,
    pages = {1045-1055},
      doi = {10.1111/j.1365-2966.2011.19108.x},
   adsurl = {http://adsabs.harvard.edu/abs/2011MNRAS.416.1045K},
  adsnote = {Provided by the SAO/NASA Astrophysics Data System}
}

@ARTICLE{2014JInst...9C4001P,
   author = {{Plazas}, A.~A. and {Bernstein}, G.~M. and {Sheldon}, E.~S.},
    title = "{Transverse electric fields' effects in the Dark Energy Camera CCDs}",
  journal = {Journal of Instrumentation},
archivePrefix = "arXiv",
   eprint = {1403.6127},
 primaryClass = "astro-ph.IM",
     year = 2014,
    month = apr,
   volume = 9,
      eid = {C04001},
    pages = {C04001},
      doi = {10.1088/1748-0221/9/04/C04001},
   adsurl = {http://adsabs.harvard.edu/abs/2014JInst...9C4001P},
  adsnote = {Provided by the SAO/NASA Astrophysics Data System}
}

@ARTICLE{2015ApJ...806....2M,
   author = {{More}, S. and {Miyatake}, H. and {Mandelbaum}, R. and {Takada}, M. and 
	{Spergel}, D.~N. and {Brownstein}, J.~R. and {Schneider}, D.~P.
	},
    title = "{The Weak Lensing Signal and the Clustering of BOSS Galaxies. II. Astrophysical and Cosmological Constraints}",
  journal = {\apj},
archivePrefix = "arXiv",
   eprint = {1407.1856},
 keywords = {cosmological parameters, cosmology: observations, cosmology: theory, dark matter, gravitational lensing: weak, large-scale structure of universe},
     year = 2015,
    month = jun,
   volume = 806,
      eid = {2},
    pages = {2},
      doi = {10.1088/0004-637X/806/1/2},
   adsurl = {http://adsabs.harvard.edu/abs/2015ApJ...806....2M},
  adsnote = {Provided by the SAO/NASA Astrophysics Data System}
}

@ARTICLE{2011A&A...531A.169P,
   author = {{Pastor Mira}, E. and {Hilbert}, S. and {Hartlap}, J. and {Schneider}, P.
	},
    title = "{Probing the dark-matter halos of cluster galaxies with weak lensing}",
  journal = {\aap},
archivePrefix = "arXiv",
   eprint = {1103.1635},
 keywords = {gravitational lensing: weak, galaxies: clusters: general, galaxies: evolution, dark matter},
     year = 2011,
    month = jul,
   volume = 531,
      eid = {A169},
    pages = {A169},
      doi = {10.1051/0004-6361/201116851},
   adsurl = {http://adsabs.harvard.edu/abs/2011A%26A...531A.169P},
  adsnote = {Provided by the SAO/NASA Astrophysics Data System}
}

@ARTICLE{2010ApJ...709..286M,
   author = {{Marian}, L. and {Smith}, R.~E. and {Bernstein}, G.~M.},
    title = "{The Impact of Correlated Projections on Weak Lensing Cluster Counts}",
  journal = {\apj},
archivePrefix = "arXiv",
   eprint = {0912.0261},
 keywords = {cosmological parameters, cosmology: theory, large-scale structure of universe},
     year = 2010,
    month = jan,
   volume = 709,
    pages = {286-300},
      doi = {10.1088/0004-637X/709/1/286},
   adsurl = {http://adsabs.harvard.edu/abs/2010ApJ...709..286M},
  adsnote = {Provided by the SAO/NASA Astrophysics Data System}
}

@ARTICLE{2013MNRAS.433.2545E,
   author = {{Erben}, T. and {Hildebrandt}, H. and {Miller}, L. and {van Waerbeke}, L. and 
	{Heymans}, C. and {Hoekstra}, H. and {Kitching}, T.~D. and {Mellier}, Y. and 
	{Benjamin}, J. and {Blake}, C. and {Bonnett}, C. and {Cordes}, O. and 
	{Coupon}, J. and {Fu}, L. and {Gavazzi}, R. and {Gillis}, B. and 
	{Grocutt}, E. and {Gwyn}, S.~D.~J. and {Holhjem}, K. and {Hudson}, M.~J. and 
	{Kilbinger}, M. and {Kuijken}, K. and {Milkeraitis}, M. and 
	{Rowe}, B.~T.~P. and {Schrabback}, T. and {Semboloni}, E. and 
	{Simon}, P. and {Smit}, M. and {Toader}, O. and {Vafaei}, S. and 
	{van Uitert}, E. and {Velander}, M.},
    title = "{CFHTLenS: the Canada-France-Hawaii Telescope Lensing Survey - imaging data and catalogue products}",
  journal = {\mnras},
archivePrefix = "arXiv",
   eprint = {1210.8156},
 keywords = {methods: data analysis, cosmology: observations},
     year = 2013,
    month = aug,
   volume = 433,
    pages = {2545-2563},
      doi = {10.1093/mnras/stt928},
   adsurl = {http://adsabs.harvard.edu/abs/2013MNRAS.433.2545E},
  adsnote = {Provided by the SAO/NASA Astrophysics Data System}
}

@ARTICLE{2015JInst..10C5015W,
   author = {{Walter}, C.~W.},
    title = "{The Brighter-Fatter and other sensor effects in CCD simulations for precision astronomy}",
  journal = {Journal of Instrumentation},
archivePrefix = "arXiv",
   eprint = {1505.03639},
 primaryClass = "astro-ph.IM",
     year = 2015,
    month = may,
   volume = 10,
      eid = {C05015},
    pages = {C05015},
      doi = {10.1088/1748-0221/10/05/C05015},
   adsurl = {http://adsabs.harvard.edu/abs/2015JInst..10C5015W},
  adsnote = {Provided by the SAO/NASA Astrophysics Data System}
}

@ARTICLE{2015JInst..10C5032G,
   author = {{Gruen}, D. and {Bernstein}, G.~M. and {Jarvis}, M. and {Rowe}, B. and 
	{Vikram}, V. and {Plazas}, A.~A. and {Seitz}, S.},
    title = "{Characterization and correction of charge-induced pixel shifts in DECam}",
  journal = {Journal of Instrumentation},
archivePrefix = "arXiv",
   eprint = {1501.02802},
 primaryClass = "astro-ph.IM",
     year = 2015,
    month = may,
   volume = 10,
      eid = {C05032},
    pages = {C05032},
      doi = {10.1088/1748-0221/10/05/C05032},
   adsurl = {http://adsabs.harvard.edu/abs/2015JInst..10C5032G},
  adsnote = {Provided by the SAO/NASA Astrophysics Data System}
}

@ARTICLE{2015ExA....39..207N,
   author = {{Niemi}, S.-M. and {Cropper}, M. and {Szafraniec}, M. and {Kitching}, T.
	},
    title = "{Measuring a charge-coupled device point spread function. Euclid visible instrument CCD273-84 PSF performance}",
  journal = {Experimental Astronomy},
archivePrefix = "arXiv",
   eprint = {1412.5382},
 primaryClass = "astro-ph.IM",
     year = 2015,
    month = jun,
   volume = 39,
    pages = {207-231},
      doi = {10.1007/s10686-015-9440-7},
   adsurl = {http://adsabs.harvard.edu/abs/2015ExA....39..207N},
  adsnote = {Provided by the SAO/NASA Astrophysics Data System}
}

@ARTICLE{2015arXiv151205591I,
   author = {{Israel}, H. and {Kitching}, T.~D. and {Massey}, R.},
    title = "{Problems using ratios of galaxy shape moments on requirements for weak lensing surveys}",
  journal = {ArXiv e-prints},
archivePrefix = "arXiv",
   eprint = {1512.05591},
 keywords = {Astrophysics - Cosmology and Nongalactic Astrophysics},
     year = 2015,
    month = dec,
   adsurl = {http://adsabs.harvard.edu/abs/2015arXiv151205591I},
  adsnote = {Provided by the SAO/NASA Astrophysics Data System}
}

@ARTICLE{1998A&A...338..375B,
   author = {{Bernardeau}, F.},
    title = "{The effects of source clustering on weak lensing statistics}",
  journal = {\aap},
   eprint = {astro-ph/9712115},
 keywords = {COSMOLOGY: DARK MATTER, COSMOLOGY: GRAVITATIONAL LENSING, COSMOLOGY: LARGE-SCALE STRUCTURE OF UNIVERSE},
     year = 1998,
    month = oct,
   volume = 338,
    pages = {375-382},
   adsurl = {http://adsabs.harvard.edu/abs/1998A%26A...338..375B},
  adsnote = {Provided by the SAO/NASA Astrophysics Data System}
}

@ARTICLE{2013PhRvD..88l3002P,
   author = {{Petri}, A. and {Haiman}, Z. and {Hui}, L. and {May}, M. and 
	{Kratochvil}, J.~M.},
    title = "{Cosmology with Minkowski functionals and moments of the weak lensing convergence field}",
  journal = {\prd},
archivePrefix = "arXiv",
   eprint = {1309.4460},
 keywords = {Relativity and gravitation, Gravitational lenses and luminous arcs},
     year = 2013,
    month = dec,
   volume = 88,
   number = 12,
      eid = {123002},
    pages = {123002},
      doi = {10.1103/PhysRevD.88.123002},
   adsurl = {http://adsabs.harvard.edu/abs/2013PhRvD..88l3002P},
  adsnote = {Provided by the SAO/NASA Astrophysics Data System}
}

@ARTICLE{2014ApJ...786...43S,
   author = {{Shirasaki}, M. and {Yoshida}, N.},
    title = "{Statistical and Systematic Errors in the Measurement of Weak-Lensing Minkowski Functionals: Application to the Canada-France-Hawaii Lensing Survey}",
  journal = {\apj},
archivePrefix = "arXiv",
   eprint = {1312.5032},
 keywords = {gravitational lensing: weak},
     year = 2014,
    month = may,
   volume = 786,
      eid = {43},
    pages = {43},
      doi = {10.1088/0004-637X/786/1/43},
   adsurl = {http://adsabs.harvard.edu/abs/2014ApJ...786...43S},
  adsnote = {Provided by the SAO/NASA Astrophysics Data System}
}

@ARTICLE{2015PhRvD..91j3511P,
   author = {{Petri}, A. and {Liu}, J. and {Haiman}, Z. and {May}, M. and 
	{Hui}, L. and {Kratochvil}, J.~M.},
    title = "{Emulating the CFHTLenS weak lensing data: Cosmological constraints from moments and Minkowski functionals}",
  journal = {\prd},
archivePrefix = "arXiv",
   eprint = {1503.06214},
 keywords = {Cosmology, Relativity and gravitation, Dark energy, Gravitational lenses and luminous arcs},
     year = 2015,
    month = may,
   volume = 91,
   number = 10,
      eid = {103511},
    pages = {103511},
      doi = {10.1103/PhysRevD.91.103511},
   adsurl = {http://adsabs.harvard.edu/abs/2015PhRvD..91j3511P},
  adsnote = {Provided by the SAO/NASA Astrophysics Data System}
}

@ARTICLE{2015MNRAS.447.1304F,
   author = {{Ford}, J. and {Van Waerbeke}, L. and {Milkeraitis}, M. and 
	{Laigle}, C. and {Hildebrandt}, H. and {Erben}, T. and {Heymans}, C. and 
	{Hoekstra}, H. and {Kitching}, T. and {Mellier}, Y. and {Miller}, L. and 
	{Choi}, A. and {Coupon}, J. and {Fu}, L. and {Hudson}, M.~J. and 
	{Kuijken}, K. and {Robertson}, N. and {Rowe}, B. and {Schrabback}, T. and 
	{Velander}, M.},
    title = "{CFHTLenS: a weak lensing shear analysis of the 3D-Matched-Filter galaxy clusters}",
  journal = {\mnras},
archivePrefix = "arXiv",
   eprint = {1409.3571},
 keywords = {gravitational lensing: weak, galaxies: clusters: general, galaxies: photometry, dark matter},
     year = 2015,
    month = feb,
   volume = 447,
    pages = {1304-1318},
      doi = {10.1093/mnras/stu2545},
   adsurl = {http://adsabs.harvard.edu/abs/2015MNRAS.447.1304F},
  adsnote = {Provided by the SAO/NASA Astrophysics Data System}
}

@ARTICLE{2014arXiv1401.1389L,
   author = {{Lahav}, O. and {Liddle}, A.~R},
    title = "{The Cosmological Parameters 2014}",
  journal = {ArXiv e-prints},
archivePrefix = "arXiv",
   eprint = {1401.1389},
 primaryClass = "astro-ph.CO",
 keywords = {Astrophysics - Cosmology and Extragalactic Astrophysics},
     year = 2014,
    month = jan,
   adsurl = {http://adsabs.harvard.edu/abs/2014arXiv1401.1389L},
  adsnote = {Provided by the SAO/NASA Astrophysics Data System}
}

@ARTICLE{2006JPhG...33....1Y,
   author = {{Yao}, W.-M. and {Amsler}, C. and {Asner}, D. and {Barnett}, R.~M. and 
	{Beringer}, J. and {Burchat}, P.~R. and {Carone}, C.~D. and 
	{Caso}, C. and {Dahl}, O. and {D'Ambrosio}, G. and {De Gouvea}, A. and 
	{Doser}, M. and {Eidelman}, S. and {Feng}, J.~L. and {Gherghetta}, T. and 
	{Goodman}, M. and {Grab}, C. and {Groom}, D.~E. and {Gurtu}, A. and 
	{Hagiwara}, K. and {Hayes}, K.~G. and {Hern{\'a}ndez-Rey}, J.~J. and 
	{Hikasa}, K. and {Jawahery}, H. and {Kolda}, C. and {Kwon}, Y. and 
	{Mangano}, M.~L. and {Manohar}, A.~V. and {Masoni}, A. and {Miquel}, R. and 
	{M{\"o}nig}, K. and {Murayama}, H. and {Nakamura}, K. and {Navas}, S. and 
	{Olive}, K.~A. and {Pape}, L. and {Patrignani}, C. and {Piepke}, A. and 
	{Punzi}, G. and {Raffelt}, G. and {Smith}, J.~G. and {Tanabashi}, M. and 
	{Terning}, J. and {T{\"o}rnqvist}, N.~A. and {sTrippe}, T.~G. and 
	{Vogel}, P. and {Watari}, T. and {Wohl}, C.~G. and {Workman}, R.~L. and 
	{Zyla}, P.~A. and {Armstrong}, B. and {Harper}, G. and {Lugovsky}, V.~S. and 
	{Schaffner}, P. and {Artuso}, M. and {Babu}, K.~S. and {Band}, H.~R. and 
	{Barberio}, E. and {Battaglia}, M. and {Bichsel}, H. and {Biebel}, O. and 
	{Bloch}, P. and {Blucher}, E. and {Cahn}, R.~N. and {Casper}, D. and 
	{Cattai}, A. and {Ceccucci}, A. and {Chakraborty}, D. and {Chivukula}, R.~S. and 
	{Cowan}, G. and {Damour}, T. and {DeGrand}, T. and {Desler}, K. and 
	{Dobbs}, M.~A. and {Drees}, M. and {Edwards}, A. and {Edwards}, D.~A. and 
	{Elvira}, V.~D. and {Erler}, J. and {Ezhela}, V.~V. and {Fetscher}, W. and 
	{Fields}, B.~D. and {Foster}, B. and {Froidevaux}, D. and {Gaisser}, T.~K. and 
	{Garren}, L. and {Gerber}, H.-J. and {Gerbier}, G. and {Gibbons}, L. and 
	{Gilman}, F.~J. and {Giudice}, G.~F. and {Gritsan}, A.~V. and 
	{Gr{\"u}newald}, M. and {Haber}, H.~E. and {Hagmann}, C. and 
	{Hinchliffe}, I. and {H{\"o}cker}, A. and {Igo-Kemenes}, P. and 
	{JAckson}, J.~D. and {Johnson}, K.~F. and {Karlen}, D. and {Kayser}, B. and 
	{Kirkby}, D. and {Klein}, S.~R. and {Kleinknecht}, K. and {Knowles}, I.~G. and 
	{Kowalewski}, R.~V. and {Kreitz}, P. and {Kursche}, B. and {Kuyanov}, Y.~V. and 
	{Lahav}, O. and {Langacker}, P. and {Liddle}, A. and {Ligeti}, Z. and 
	{Liss}, T.~M. and {Littenberg}, L. and {Liu}, J.~C. and {Lugovsky}, K.~S. and 
	{Lugovsky}, s.~B. and {Mannel}, T. and {Manley}, D.~M. and {Marciano}, W.~J. and 
	{Martin}, A.~D. and {Milstead}, D. and {Narain}, M. and {Nason}, P. and 
	{Nir}, Y. and {Peacock}, J.~A. and {Prell}, S.~A. and {Quadt}, A. and 
	{Raby}, S. and {Ratcliff}, B.~N. and {Razuvaev}, E.~A. and {Renk}, B. and 
	{Richardson}, P. and {Roesler}, S. and {Rolandi}, G. and {Ronan}, M.~T. and 
	{Rosenberg}, L.~J. and {Sachrajda}, C.~T. and {Sakai}, Y. and 
	{Sarkar}, S. and {Schmitt}, M. and {Schneider}, O. and {Scott}, D. and 
	{Sj{\"o}strand}, T. and {Smoot}, G.~F. and {Sokolsky}, P. and 
	{Spanier}, S. and {Spieler}, H. and {Stahl}, A. and {Stanev}, T. and 
	{Streitmatter}, R.~E. and {Sumiyoshi}, T. and {Tkachenko}, N.~P. and 
	{Trilling}, G.~H. and {Valencia}, G. and {van Bibber}, K. and 
	{Vincter}, M.~G. and {Ward}, D.~R. and {Webber}, B.~R. and {Wells}, J.~D. and 
	{Whalley}, M. and {Wolfenstsein}, L. and {Womersley}, J. and 
	{Woody}, C.~L. and {Yamamoto}, A. and {Zenin}, O.~V. and {Zhang}, J. and 
	{Zhu}, R.-Y.},
    title = "{Review of Particle Physics}",
  journal = {Journal of Physics G Nuclear Physics},
   eprint = {astro-ph/0601168},
     year = 2006,
    month = jul,
   volume = 33,
    pages = {1-1232},
      doi = {10.1088/0954-3899/33/1/001},
   adsurl = {http://adsabs.harvard.edu/abs/2006JPhG...33....1Y},
  adsnote = {Provided by the SAO/NASA Astrophysics Data System}
}


@ARTICLE{2016arXiv160407233B,
   author = {{Brouwer}, M.~M. and {Cacciato}, M. and {Dvornik}, A. and {Eardley}, L. and 
	{Heymans}, C. and {Hoekstra}, H. and {Kuijken}, K. and {McNaught-Roberts}, T. and 
	{Sif{\'o}n}, C. and {Viola}, M. and {Alpaslan}, M. and {Bilicki}, M. and 
	{Bland-Hawthorn}, J. and {Brough}, S. and {Choi}, A. and {Driver}, S.~P. and 
	{Erben}, T. and {Grado}, A. and {Hildebrandt}, H. and {Holwerda}, B.~W. and 
	{Hopkins}, A.~M. and {de Jong}, J.~T.~A. and {Liske}, J. and 
	{McFarland}, J. and {Nakajima}, R. and {Napolitano}, N.~R. and 
	{Norberg}, P. and {Peacock}, J.~A. and {Radovich}, M. and {Robotham}, A.~S.~G. and 
	{Schneider}, P. and {Sikkema}, G. and {van Uitert}, E. and {Verdoes Kleijn}, G.
	},
    title = "{Dependence of GAMA galaxy halo masses on the cosmic web environment from 100 square degrees of KiDS weak lensing data}",
  journal = {ArXiv e-prints},
archivePrefix = "arXiv",
   eprint = {1604.07233},
 keywords = {Astrophysics - Astrophysics of Galaxies},
     year = 2016,
    month = apr,
   adsurl = {http://adsabs.harvard.edu/abs/2016arXiv160407233B},
  adsnote = {Provided by the SAO/NASA Astrophysics Data System}
}

@ARTICLE{2016PASP..128i5001K,
   author = {{Kannawadi}, A. and {Shapiro}, C.~A. and {Mandelbaum}, R. and 
	{Hirata}, C.~M. and {Kruk}, J.~W. and {Rhodes}, J.~D.},
    title = "{The Impact of Interpixel Capacitance in CMOS Detectors on PSF Shapes and Implications for WFIRST}",
  journal = {\pasp},
archivePrefix = "arXiv",
   eprint = {1512.01570},
 primaryClass = "astro-ph.IM",
     year = 2016,
    month = sep,
   volume = 128,
   number = 9,
    pages = {095001},
      doi = {10.1088/1538-3873/128/967/095001},
   adsurl = {http://adsabs.harvard.edu/abs/2016PASP..128i5001K},
  adsnote = {Provided by the SAO/NASA Astrophysics Data System}
}

@ARTICLE{2011PASP..123..596J,
   author = {{Jee}, M.~J. and {Tyson}, J.~A.},
    title = "{Toward Precision LSST Weak-Lensing Measurement. I. Impacts of Atmospheric Turbulence and Optical Aberration}",
  journal = {\pasp},
archivePrefix = "arXiv",
   eprint = {1011.1913},
 primaryClass = "astro-ph.IM",
     year = 2011,
    month = may,
   volume = 123,
    pages = {596-614},
      doi = {10.1086/660137},
   adsurl = {http://adsabs.harvard.edu/abs/2011PASP..123..596J},
  adsnote = {Provided by the SAO/NASA Astrophysics Data System}
}

@ARTICLE{2016arXiv160603606D,
   author = {{Dickinson}, C.},
    title = "{CMB foregrounds - A brief review}",
  journal = {ArXiv e-prints},
archivePrefix = "arXiv",
   eprint = {1606.03606},
 keywords = {Astrophysics - Cosmology and Nongalactic Astrophysics},
     year = 2016,
    month = jun,
   adsurl = {http://adsabs.harvard.edu/abs/2016arXiv160603606D},
  adsnote = {Provided by the SAO/NASA Astrophysics Data System}
}

@ARTICLE{1997ApJ...480...22T,
   author = {{Tegmark}, M. and {Taylor}, A.~N. and {Heavens}, A.~F.},
    title = "{Karhunen-Lo{\`e}ve Eigenvalue Problems in Cosmology: How Should We Tackle Large Data Sets?}",
  journal = {\apj},
   eprint = {astro-ph/9603021},
 keywords = {Cosmology: Cosmic Microwave Background, Cosmology: Theory, Cosmology: Large-Scale Structure of Universe, Methods: Data Analysis, Methods: Statistical},
     year = 1997,
    month = may,
   volume = 480,
    pages = {22-35},
   adsurl = {http://adsabs.harvard.edu/abs/1997ApJ...480...22T},
  adsnote = {Provided by the SAO/NASA Astrophysics Data System}
}

@ARTICLE{2009arXiv09010721A,
   author = {{Albrecht}, A. and {Amendola}, L. and {Bernstein}, G. and {Clowe}, D. and 
	{Eisenstein}, D. and {Guzzo}, L. and {Hirata}, C. and {Huterer}, D. and 
	{Kirshner}, R. and {Kolb}, E. and {Nichol}, R.},
    title = "{Findings of the Joint Dark Energy Mission Figure of Merit Science Working Group}",
  journal = {ArXiv e-prints},
archivePrefix = "arXiv",
   eprint = {0901.0721},
 primaryClass = "astro-ph.IM",
 keywords = {Astrophysics - Instrumentation and Methods for Astrophysics},
     year = 2009,
    month = jan,
   adsurl = {http://adsabs.harvard.edu/abs/2009arXiv0901.0721A},
  adsnote = {Provided by the SAO/NASA Astrophysics Data System}
}

@ARTICLE{2010MNRAS.401..371M,
   author = {{Massey}, R. and {Stoughton}, C. and {Leauthaud}, A. and {Rhodes}, J. and 
	{Koekemoer}, A. and {Ellis}, R. and {Shaghoulian}, E.},
    title = "{Pixel-based correction for Charge Transfer Inefficiency in the Hubble Space Telescope Advanced Camera for Surveys}",
  journal = {\mnras},
archivePrefix = "arXiv",
   eprint = {0909.0507},
 keywords = {instrumentation: detectors, methods: data analysis, space vehicles: instruments},
     year = 2010,
    month = jan,
   volume = 401,
    pages = {371-384},
      doi = {10.1111/j.1365-2966.2009.15638.x},
   adsurl = {http://adsabs.harvard.edu/abs/2010MNRAS.401..371M},
  adsnote = {Provided by the SAO/NASA Astrophysics Data System}
}

@ARTICLE{2010PASP..122..439R,
   author = {{Rhodes}, J. and {Leauthaud}, A. and {Stoughton}, C. and {Massey}, R. and 
	{Dawson}, K. and {Kolbe}, W. and {Roe}, N.},
    title = "{The Effects of Charge Transfer Inefficiency (CTI) on Galaxy Shape Measurements}",
  journal = {\pasp},
archivePrefix = "arXiv",
   eprint = {1002.1479},
 primaryClass = "astro-ph.IM",
     year = 2010,
    month = apr,
   volume = 122,
    pages = {439-450},
      doi = {10.1086/651675},
   adsurl = {http://adsabs.harvard.edu/abs/2010PASP..122..439R},
  adsnote = {Provided by the SAO/NASA Astrophysics Data System}
}

@ARTICLE{2015MNRAS.453..561I,
   author = {{Israel}, H. and {Massey}, R. and {Prod'homme}, T. and {Cropper}, M. and 
	{Cordes}, O. and {Gow}, J. and {Kohley}, R. and {Marggraf}, O. and 
	{Niemi}, S. and {Rhodes}, J. and {Short}, A. and {Verhoeve}, P.
	},
    title = "{How well can charge transfer inefficiency be corrected? A parameter sensitivity study for iterative correction}",
  journal = {\mnras},
archivePrefix = "arXiv",
   eprint = {1506.07831},
 primaryClass = "astro-ph.IM",
 keywords = {instrumentation: detectors, methods: data analysis, space vehicles: instruments},
     year = 2015,
    month = oct,
   volume = 453,
    pages = {561-580},
      doi = {10.1093/mnras/stv1660},
   adsurl = {http://adsabs.harvard.edu/abs/2015MNRAS.453..561I},
  adsnote = {Provided by the SAO/NASA Astrophysics Data System}
}

@ARTICLE{2010MNRAS.409L.109M,
   author = {{Massey}, R.},
    title = "{Charge transfer inefficiency in the Hubble Space Telescope since Servicing Mission 4}",
  journal = {\mnras},
archivePrefix = "arXiv",
   eprint = {1009.4335},
 primaryClass = "astro-ph.IM",
 keywords = {instrumentation: detectors, methods: data analysis, space vehicles: instruments, techniques: image processing},
     year = 2010,
    month = nov,
   volume = 409,
    pages = {L109-L113},
      doi = {10.1111/j.1745-3933.2010.00959.x},
   adsurl = {http://adsabs.harvard.edu/abs/2010MNRAS.409L.109M},
  adsnote = {Provided by the SAO/NASA Astrophysics Data System}
}

@ARTICLE{2007ApJS..172..203R,
   author = {{Rhodes}, J.~D. and {Massey}, R.~J. and {Albert}, J. and {Collins}, N. and 
	{Ellis}, R.~S. and {Heymans}, C. and {Gardner}, J.~P. and {Kneib}, J.-P. and 
	{Koekemoer}, A. and {Leauthaud}, A. and {Mellier}, Y. and {Refregier}, A. and 
	{Taylor}, J.~E. and {Van Waerbeke}, L.},
    title = "{The Stability of the Point-Spread Function of the Advanced Camera for Surveys on the Hubble Space Telescope and Implications for Weak Gravitational Lensing}",
  journal = {\apjs},
   eprint = {astro-ph/0702140},
 keywords = {Instrumentation: Detectors, Surveys, Techniques: Image Processing},
     year = 2007,
    month = sep,
   volume = 172,
    pages = {203-218},
      doi = {10.1086/516592},
   adsurl = {http://adsabs.harvard.edu/abs/2007ApJS..172..203R},
  adsnote = {Provided by the SAO/NASA Astrophysics Data System}
}


@ARTICLE{2016arXiv160100115A,
   author = {{Asgari}, M. and {Heymans}, C. and {Blake}, C. and {Harnois-Deraps}, J. and 
	{Schneider}, P. and {Van Waerbeke}, L.},
    title = "{Revisiting CFHTLenS cosmic shear: Optimal E/B mode decomposition using COSEBIs and compressed COSEBIs}",
  journal = {ArXiv e-prints},
archivePrefix = "arXiv",
   eprint = {1601.00115},
 keywords = {Astrophysics - Cosmology and Nongalactic Astrophysics},
     year = 2016,
    month = jan,
   adsurl = {http://adsabs.harvard.edu/abs/2016arXiv160100115A},
  adsnote = {Provided by the SAO/NASA Astrophysics Data System}
}

@ARTICLE{2012A&A...542A.122A,
   author = {{Asgari}, M. and {Schneider}, P. and {Simon}, P.},
    title = "{Cosmic shear tomography and efficient data compression using COSEBIs}",
  journal = {\aap},
archivePrefix = "arXiv",
   eprint = {1201.2669},
 keywords = {gravitational lensing: weak, methods: data analysis, methods: statistical},
     year = 2012,
    month = jun,
   volume = 542,
      eid = {A122},
    pages = {A122},
      doi = {10.1051/0004-6361/201218828},
   adsurl = {http://adsabs.harvard.edu/abs/2012A%26A...542A.122A},
  adsnote = {Provided by the SAO/NASA Astrophysics Data System}
}
 
@ARTICLE{2013MNRAS.432.2385S,
   author = {{Semboloni}, E. and {Hoekstra}, H. and {Huang}, Z. and {Cardone}, V.~F. and 
	{Cropper}, M. and {Joachimi}, B. and {Kitching}, T. and {Kuijken}, K. and 
	{Lombardi}, M. and {Maoli}, R. and {Mellier}, Y. and {Miller}, L. and 
	{Rhodes}, J. and {Scaramella}, R. and {Schrabback}, T. and {Velander}, M.
	},
    title = "{On the shear estimation bias induced by the spatial variation of colour across galaxy profiles}",
  journal = {\mnras},
archivePrefix = "arXiv",
   eprint = {1211.5025},
 keywords = {gravitational lensing: weak, surveys},
     year = 2013,
    month = jul,
   volume = 432,
    pages = {2385-2401},
      doi = {10.1093/mnras/stt602},
   adsurl = {http://adsabs.harvard.edu/abs/2013MNRAS.432.2385S},
  adsnote = {Provided by the SAO/NASA Astrophysics Data System}
}

@ARTICLE{2012MNRAS.421.1385V,
   author = {{Voigt}, L.~M. and {Bridle}, S.~L. and {Amara}, A. and {Cropper}, M. and 
	{Kitching}, T.~D. and {Massey}, R. and {Rhodes}, J. and {Schrabback}, T.
	},
    title = "{The impact of galaxy colour gradients on cosmic shear measurement}",
  journal = {\mnras},
archivePrefix = "arXiv",
   eprint = {1105.5595},
 keywords = {gravitational lensing: weak, cosmology: observations, large scale structure of Universe},
     year = 2012,
    month = apr,
   volume = 421,
    pages = {1385-1398},
      doi = {10.1111/j.1365-2966.2011.20395.x},
   adsurl = {http://adsabs.harvard.edu/abs/2012MNRAS.421.1385V},
  adsnote = {Provided by the SAO/NASA Astrophysics Data System}
}

@ARTICLE{2010arXiv1002.3952U,
   author = {{Umetsu}, K.},
    title = "{Cluster Weak Gravitational Lensing}",
  journal = {ArXiv e-prints},
archivePrefix = "arXiv",
   eprint = {1002.3952},
 primaryClass = "astro-ph.CO",
 keywords = {Astrophysics - Cosmology and Extragalactic Astrophysics},
     year = 2010,
    month = feb,
   adsurl = {http://adsabs.harvard.edu/abs/2010arXiv1002.3952U},
  adsnote = {Provided by the SAO/NASA Astrophysics Data System}
}

@ARTICLE{2016MNRAS.459.3693X,
   author = {{Xavier}, H.~S. and {Abdalla}, F.~B. and {Joachimi}, B.},
    title = "{Improving lognormal models for cosmological fields}",
  journal = {\mnras},
archivePrefix = "arXiv",
   eprint = {1602.08503},
 keywords = {gravitational lensing: weak, methods: statistical, large-scale structure of Universe},
     year = 2016,
    month = jul,
   volume = 459,
    pages = {3693-3710},
      doi = {10.1093/mnras/stw874},
   adsurl = {http://adsabs.harvard.edu/abs/2016MNRAS.459.3693X},
  adsnote = {Provided by the SAO/NASA Astrophysics Data System}
}

@ARTICLE{2001ApJ...561...22K,
   author = {{Kayo}, I. and {Taruya}, A. and {Suto}, Y.},
    title = "{Probability Distribution Function of Cosmological Density Fluctuations from a Gaussian Initial Condition: Comparison of One-Point and Two-Point Lognormal Model Predictions with N-Body Simulations}",
  journal = {\apj},
   eprint = {astro-ph/0105218},
 keywords = {Cosmology: Theory, Cosmology: Dark Matter, Galaxies: Clusters: General, Cosmology: Large-Scale Structure of Universe, Methods: Numerical},
     year = 2001,
    month = nov,
   volume = 561,
    pages = {22-34},
      doi = {10.1086/323227},
   adsurl = {http://adsabs.harvard.edu/abs/2001ApJ...561...22K},
  adsnote = {Provided by the SAO/NASA Astrophysics Data System}
}

@ARTICLE{1991MNRAS.248....1C,
   author = {{Coles}, P. and {Jones}, B.},
    title = "{A lognormal model for the cosmological mass distribution}",
  journal = {\mnras},
 keywords = {Astronomical Models, Cosmology, Mass Distribution, Statistical Distributions, Density Distribution, Galactic Evolution, Monte Carlo Method, Normal Density Functions},
     year = 1991,
    month = jan,
   volume = 248,
    pages = {1-13},
      doi = {10.1093/mnras/248.1.1},
   adsurl = {http://adsabs.harvard.edu/abs/1991MNRAS.248....1C},
  adsnote = {Provided by the SAO/NASA Astrophysics Data System}
}

@ARTICLE{2005MNRAS.361..160H,
   author = {{Heymans}, C. and {Brown}, M.~L. and {Barden}, M. and {Caldwell}, J.~A.~R. and 
	{Jahnke}, K. and {Peng}, C.~Y. and {Rix}, H.-W. and {Taylor}, A. and 
	{Beckwith}, S.~V.~W. and {Bell}, E.~F. and {Borch}, A. and {H{\"a}u{\ss}ler}, B. and 
	{Jogee}, S. and {McIntosh}, D.~H. and {Meisenheimer}, K. and 
	{S{\'a}nchez}, S.~F. and {Somerville}, R. and {Wisotzki}, L. and 
	{Wolf}, C.},
    title = "{Cosmological weak lensing with the HST GEMS survey}",
  journal = {\mnras},
   eprint = {astro-ph/0411324},
 keywords = {gravitational lensing, cosmology: observations, large-scale structure of Universe},
     year = 2005,
    month = jul,
   volume = 361,
    pages = {160-176},
      doi = {10.1111/j.1365-2966.2005.09152.x},
   adsurl = {http://adsabs.harvard.edu/abs/2005MNRAS.361..160H},
  adsnote = {Provided by the SAO/NASA Astrophysics Data System}
}

@ARTICLE{2004ApJ...608..752B,
   author = {{Bell}, E.~F. and {Wolf}, C. and {Meisenheimer}, K. and {Rix}, H.-W. and 
	{Borch}, A. and {Dye}, S. and {Kleinheinrich}, M. and {Wisotzki}, L. and 
	{McIntosh}, D.~H.},
    title = "{Nearly 5000 Distant Early-Type Galaxies in COMBO-17: A Red Sequence and Its Evolution since z\~{}1}",
  journal = {\apj},
   eprint = {astro-ph/0303394},
 keywords = {Galaxies: Elliptical and Lenticular, cD, Galaxies: Evolution, Galaxies: General, Galaxies: Luminosity Function, Mass Function, Galaxies: Stellar Content, Surveys},
     year = 2004,
    month = jun,
   volume = 608,
    pages = {752-767},
      doi = {10.1086/420778},
   adsurl = {http://adsabs.harvard.edu/abs/2004ApJ...608..752B},
  adsnote = {Provided by the SAO/NASA Astrophysics Data System}
}

@ARTICLE{2001AJ....122.1861S,
   author = {{Strateva}, I. and {Ivezi{\'c}}, {\v Z}. and {Knapp}, G.~R. and 
	{Narayanan}, V.~K. and {Strauss}, M.~A. and {Gunn}, J.~E. and 
	{Lupton}, R.~H. and {Schlegel}, D. and {Bahcall}, N.~A. and 
	{Brinkmann}, J. and {Brunner}, R.~J. and {Budav{\'a}ri}, T. and 
	{Csabai}, I. and {Castander}, F.~J. and {Doi}, M. and {Fukugita}, M. and 
	{Gy{\H o}ry}, Z. and {Hamabe}, M. and {Hennessy}, G. and {Ichikawa}, T. and 
	{Kunszt}, P.~Z. and {Lamb}, D.~Q. and {McKay}, T.~A. and {Okamura}, S. and 
	{Racusin}, J. and {Sekiguchi}, M. and {Schneider}, D.~P. and 
	{Shimasaku}, K. and {York}, D.},
    title = "{Color Separation of Galaxy Types in the Sloan Digital Sky Survey Imaging Data}",
  journal = {\aj},
   eprint = {astro-ph/0107201},
 keywords = {Galaxies: Fundamental Parameters},
     year = 2001,
    month = oct,
   volume = 122,
    pages = {1861-1874},
      doi = {10.1086/323301},
   adsurl = {http://adsabs.harvard.edu/abs/2001AJ....122.1861S},
  adsnote = {Provided by the SAO/NASA Astrophysics Data System}
}

@ARTICLE{1961ApJS....5..233D,
   author = {{de Vaucouleurs}, G.},
    title = "{Integrated Colors of Bright Galaxies in the u, b, V System.}",
  journal = {\apjs},
     year = 1961,
    month = jan,
   volume = 5,
    pages = {233},
      doi = {10.1086/190056},
   adsurl = {http://adsabs.harvard.edu/abs/1961ApJS....5..233D},
  adsnote = {Provided by the SAO/NASA Astrophysics Data System}
}
@ARTICLE{1948AnAp...11..247D,
   author = {{de Vaucouleurs}, G.},
    title = "{Recherches sur les Nebuleuses Extragalactiques}",
  journal = {Annales d'Astrophysique},
     year = 1948,
    month = jan,
   volume = 11,
    pages = {247},
   adsurl = {http://adsabs.harvard.edu/abs/1948AnAp...11..247D},
  adsnote = {Provided by the SAO/NASA Astrophysics Data System}
}

@ARTICLE{1963BAAA....6...41S,
   author = {{S{\'e}rsic}, J.~L.},
    title = "{Influence of the atmospheric and instrumental dispersion on the brightness distribution in a galaxy}",
  journal = {Boletin de la Asociacion Argentina de Astronomia La Plata Argentina},
     year = 1963,
   volume = 6,
    pages = {41},
   adsurl = {http://adsabs.harvard.edu/abs/1963BAAA....6...41S},
  adsnote = {Provided by the SAO/NASA Astrophysics Data System}
}

@ARTICLE{2012MNRAS.424.2757M,
   author = {{Melchior}, P. and {Viola}, M.},
    title = "{Means of confusion: how pixel noise affects shear estimates for weak gravitational lensing}",
  journal = {\mnras},
archivePrefix = "arXiv",
   eprint = {1204.5147},
 primaryClass = "astro-ph.IM",
 keywords = {gravitational lensing: weak, techniques: image processing },
     year = 2012,
    month = aug,
   volume = 424,
    pages = {2757-2769},
      doi = {10.1111/j.1365-2966.2012.21381.x},
   adsurl = {http://adsabs.harvard.edu/abs/2012MNRAS.424.2757M},
  adsnote = {Provided by the SAO/NASA Astrophysics Data System}
}

@ARTICLE{2014MNRAS.445.1482S,
   author = {{S{\'a}nchez}, C. and {Carrasco Kind}, M. and {Lin}, H. and 
	{Miquel}, R. and {Abdalla}, F.~B. and {Amara}, A. and {Banerji}, M. and 
	{Bonnett}, C. and {Brunner}, R. and {Capozzi}, D. and {Carnero}, A. and 
	{Castander}, F.~J. and {da Costa}, L.~A.~N. and {Cunha}, C. and 
	{Fausti}, A. and {Gerdes}, D. and {Greisel}, N. and {Gschwend}, J. and 
	{Hartley}, W. and {Jouvel}, S. and {Lahav}, O. and {Lima}, M. and 
	{Maia}, M.~A.~G. and {Mart{\'{\i}}}, P. and {Ogando}, R.~L.~C. and 
	{Ostrovski}, F. and {Pellegrini}, P. and {Rau}, M.~M. and {Sadeh}, I. and 
	{Seitz}, S. and {Sevilla-Noarbe}, I. and {Sypniewski}, A. and 
	{de Vicente}, J. and {Abbot}, T. and {Allam}, S.~S. and {Atlee}, D. and 
	{Bernstein}, G. and {Bernstein}, J.~P. and {Buckley-Geer}, E. and 
	{Burke}, D. and {Childress}, M.~J. and {Davis}, T. and {DePoy}, D.~L. and 
	{Dey}, A. and {Desai}, S. and {Diehl}, H.~T. and {Doel}, P. and 
	{Estrada}, J. and {Evrard}, A. and {Fern{\'a}ndez}, E. and {Finley}, D. and 
	{Flaugher}, B. and {Frieman}, J. and {Gaztanaga}, E. and {Glazebrook}, K. and 
	{Honscheid}, K. and {Kim}, A. and {Kuehn}, K. and {Kuropatkin}, N. and 
	{Lidman}, C. and {Makler}, M. and {Marshall}, J.~L. and {Nichol}, R.~C. and 
	{Roodman}, A. and {S{\'a}nchez}, E. and {Santiago}, B.~X. and 
	{Sako}, M. and {Scalzo}, R. and {Smith}, R.~C. and {Swanson}, M.~E.~C. and 
	{Tarle}, G. and {Thomas}, D. and {Tucker}, D.~L. and {Uddin}, S.~A. and 
	{Vald{\'e}s}, F. and {Walker}, A. and {Yuan}, F. and {Zuntz}, J.
	},
    title = "{Photometric redshift analysis in the Dark Energy Survey Science Verification data}",
  journal = {\mnras},
archivePrefix = "arXiv",
   eprint = {1406.4407},
 primaryClass = "astro-ph.IM",
 keywords = {Astronomical data bases: surveys, galaxies: distances and redshifts, galaxies: statistics, large-scale structure of Universe},
     year = 2014,
    month = dec,
   volume = 445,
    pages = {1482-1506},
      doi = {10.1093/mnras/stu1836},
   adsurl = {http://adsabs.harvard.edu/abs/2014MNRAS.445.1482S},
  adsnote = {Provided by the SAO/NASA Astrophysics Data System}
}

@ARTICLE{2010A&A...523A..31H,
   author = {{Hildebrandt}, H. and {Arnouts}, S. and {Capak}, P. and {Moustakas}, L.~A. and 
	{Wolf}, C. and {Abdalla}, F.~B. and {Assef}, R.~J. and {Banerji}, M. and 
	{Ben{\'{\i}}tez}, N. and {Brammer}, G.~B. and {Budav{\'a}ri}, T. and 
	{Carliles}, S. and {Coe}, D. and {Dahlen}, T. and {Feldmann}, R. and 
	{Gerdes}, D. and {Gillis}, B. and {Ilbert}, O. and {Kotulla}, R. and 
	{Lahav}, O. and {Li}, I.~H. and {Miralles}, J.-M. and {Purger}, N. and 
	{Schmidt}, S. and {Singal}, J.},
    title = "{PHAT: PHoto-z Accuracy Testing}",
  journal = {\aap},
archivePrefix = "arXiv",
   eprint = {1008.0658},
 keywords = {techniques: photometric, galaxies: distances and redshifts, galaxies: photometry, cosmology: observations, methods: data analysis},
     year = 2010,
    month = nov,
   volume = 523,
      eid = {A31},
    pages = {A31},
      doi = {10.1051/0004-6361/201014885},
   adsurl = {http://adsabs.harvard.edu/abs/2010A%26A...523A..31H},
  adsnote = {Provided by the SAO/NASA Astrophysics Data System}
}

@ARTICLE{2011MNRAS.417.1891A,
   author = {{Abdalla}, F.~B. and {Banerji}, M. and {Lahav}, O. and {Rashkov}, V.
	},
    title = "{A comparison of six photometric redshift methods applied to 1.5 million luminous red galaxies}",
  journal = {\mnras},
archivePrefix = "arXiv",
   eprint = {0812.3831},
 keywords = {methods: data analysis, galaxies: distances and redshifts},
     year = 2011,
    month = nov,
   volume = 417,
    pages = {1891-1903},
      doi = {10.1111/j.1365-2966.2011.19375.x},
   adsurl = {http://adsabs.harvard.edu/abs/2011MNRAS.417.1891A},
  adsnote = {Provided by the SAO/NASA Astrophysics Data System}
}

@ARTICLE{2008MNRAS.386.1219B,
   author = {{Banerji}, M. and {Abdalla}, F.~B. and {Lahav}, O. and {Lin}, H.
	},
    title = "{Photometric redshifts for the Dark Energy Survey and VISTA and implications for large-scale structure}",
  journal = {\mnras},
archivePrefix = "arXiv",
   eprint = {0711.1059},
 keywords = {surveys , galaxies: distances and redshifts , cosmology: observations , large-scale structure of Universe},
     year = 2008,
    month = may,
   volume = 386,
    pages = {1219-1233},
      doi = {10.1111/j.1365-2966.2008.13095.x},
   adsurl = {http://adsabs.harvard.edu/abs/2008MNRAS.386.1219B},
  adsnote = {Provided by the SAO/NASA Astrophysics Data System}
}

@ARTICLE{2010PhRvD..81d3519K,
   author = {{Kratochvil}, J.~M. and {Haiman}, Z. and {May}, M.},
    title = "{Probing cosmology with weak lensing peak counts}",
  journal = {\prd},
archivePrefix = "arXiv",
   eprint = {0907.0486},
 primaryClass = "astro-ph.CO",
 keywords = {Cosmology, Dark energy, Astronomical catalogs atlases sky surveys databases retrieval systems archives etc., Superclusters, large-scale structure of the Universe},
     year = 2010,
    month = feb,
   volume = 81,
   number = 4,
      eid = {043519},
    pages = {043519},
      doi = {10.1103/PhysRevD.81.043519},
   adsurl = {http://adsabs.harvard.edu/abs/2010PhRvD..81d3519K},
  adsnote = {Provided by the SAO/NASA Astrophysics Data System}
}
@ARTICLE{2013MNRAS.430.2896C,
   author = {{Cardone}, V.~F. and {Camera}, S. and {Mainini}, R. and {Romano}, A. and 
	{Diaferio}, A. and {Maoli}, R. and {Scaramella}, R.},
    title = "{Weak lensing peak count as a probe of f(R) theories}",
  journal = {\mnras},
archivePrefix = "arXiv",
   eprint = {1204.3148},
 keywords = {gravitational lensing: strong, galaxies: clusters: general, cosmology: theory},
     year = 2013,
    month = apr,
   volume = 430,
    pages = {2896-2909},
      doi = {10.1093/mnras/stt084},
   adsurl = {http://adsabs.harvard.edu/abs/2013MNRAS.430.2896C},
  adsnote = {Provided by the SAO/NASA Astrophysics Data System}
}

@ARTICLE{2015A&A...576A..24L,
   author = {{Lin}, C.-A. and {Kilbinger}, M.},
    title = "{A new model to predict weak-lensing peak counts. I. Comparison with N-body simulations}",
  journal = {\aap},
archivePrefix = "arXiv",
   eprint = {1410.6955},
 keywords = {gravitational lensing: weak, large-scale structure of Universe, methods: statistical},
     year = 2015,
    month = apr,
   volume = 576,
      eid = {A24},
    pages = {A24},
      doi = {10.1051/0004-6361/201425188},
   adsurl = {http://adsabs.harvard.edu/abs/2015A%26A...576A..24L},
  adsnote = {Provided by the SAO/NASA Astrophysics Data System}
}

@ARTICLE{2015ExA....39..207N,
   author = {{Niemi}, S.-M. and {Cropper}, M. and {Szafraniec}, M. and {Kitching}, T.
	},
    title = "{Measuring a charge-coupled device point spread function. Euclid visible instrument CCD273-84 PSF performance}",
  journal = {Experimental Astronomy},
archivePrefix = "arXiv",
   eprint = {1412.5382},
 primaryClass = "astro-ph.IM",
     year = 2015,
    month = jun,
   volume = 39,
    pages = {207-231},
      doi = {10.1007/s10686-015-9440-7},
   adsurl = {http://adsabs.harvard.edu/abs/2015ExA....39..207N},
  adsnote = {Provided by the SAO/NASA Astrophysics Data System}
}

@ARTICLE{2013MNRAS.429..661M,
   author = {{Massey}, R. and {Hoekstra}, H. and {Kitching}, T. and {Rhodes}, J. and 
	{Cropper}, M. and {Amiaux}, J. and {Harvey}, D. and {Mellier}, Y. and 
	{Meneghetti}, M. and {Miller}, L. and {Paulin-Henriksson}, S. and 
	{Pires}, S. and {Scaramella}, R. and {Schrabback}, T.},
    title = "{Origins of weak lensing systematics, and requirements on future instrumentation (or knowledge of instrumentation)}",
  journal = {\mnras},
archivePrefix = "arXiv",
   eprint = {1210.7690},
 keywords = {gravitational lensing: weak, instrumentation: detectors, methods: data analysis, space vehicles: instruments, telescopes, cosmological parameters},
     year = 2013,
    month = feb,
   volume = 429,
    pages = {661-678},
      doi = {10.1093/mnras/sts371},
   adsurl = {http://adsabs.harvard.edu/abs/2013MNRAS.429..661M},
  adsnote = {Provided by the SAO/NASA Astrophysics Data System}
}

@ARTICLE{2013MNRAS.431.3103C,
   author = {{Cropper}, M. and {Hoekstra}, H. and {Kitching}, T. and {Massey}, R. and 
	{Amiaux}, J. and {Miller}, L. and {Mellier}, Y. and {Rhodes}, J. and 
	{Rowe}, B. and {Pires}, S. and {Saxton}, C. and {Scaramella}, R.
	},
    title = "{Defining a weak lensing experiment in space}",
  journal = {\mnras},
archivePrefix = "arXiv",
   eprint = {1210.7691},
 primaryClass = "astro-ph.IM",
 keywords = {gravitational lensing: weak, methods: statistical, space vehicles: instruments, cosmological parameters, cosmology: observations},
     year = 2013,
    month = jun,
   volume = 431,
    pages = {3103-3126},
      doi = {10.1093/mnras/stt384},
   adsurl = {http://adsabs.harvard.edu/abs/2013MNRAS.431.3103C},
  adsnote = {Provided by the SAO/NASA Astrophysics Data System}
}

@ARTICLE{2013MNRAS.431..609N,
   author = {{Namikawa}, T. and {Hanson}, D. and {Takahashi}, R.},
    title = "{Bias-hardened CMB lensing}",
  journal = {\mnras},
archivePrefix = "arXiv",
   eprint = {1209.0091},
 primaryClass = "astro-ph.CO",
 keywords = {gravitational lensing: weak, cosmic background radiation, cosmology: observations},
     year = 2013,
    month = may,
   volume = 431,
    pages = {609-620},
      doi = {10.1093/mnras/stt195},
   adsurl = {http://adsabs.harvard.edu/abs/2013MNRAS.431..609N},
  adsnote = {Provided by the SAO/NASA Astrophysics Data System}
}

@ARTICLE{2013MNRAS.429.2858M,
   author = {{Miller}, L. and {Heymans}, C. and {Kitching}, T.~D. and {van Waerbeke}, L. and 
	{Erben}, T. and {Hildebrandt}, H. and {Hoekstra}, H. and {Mellier}, Y. and 
	{Rowe}, B.~T.~P. and {Coupon}, J. and {Dietrich}, J.~P. and 
	{Fu}, L. and {Harnois-D{\'e}raps}, J. and {Hudson}, M.~J. and 
	{Kilbinger}, M. and {Kuijken}, K. and {Schrabback}, T. and {Semboloni}, E. and 
	{Vafaei}, S. and {Velander}, M.},
    title = "{Bayesian galaxy shape measurement for weak lensing surveys - III. Application to the Canada-France-Hawaii Telescope Lensing Survey}",
  journal = {\mnras},
archivePrefix = "arXiv",
   eprint = {1210.8201},
 primaryClass = "astro-ph.CO",
 keywords = {gravitational lensing: weak, methods: data analysis, methods: statistical, cosmology: observations},
     year = 2013,
    month = mar,
   volume = 429,
    pages = {2858-2880},
      doi = {10.1093/mnras/sts454},
   adsurl = {http://adsabs.harvard.edu/abs/2013MNRAS.429.2858M},
  adsnote = {Provided by the SAO/NASA Astrophysics Data System}
}

@ARTICLE{2012MNRAS.425.1951R,
   author = {{Refregier}, A. and {Kacprzak}, T. and {Amara}, A. and {Bridle}, S. and 
	{Rowe}, B.},
    title = "{Noise bias in weak lensing shape measurements}",
  journal = {\mnras},
archivePrefix = "arXiv",
   eprint = {1203.5050},
 keywords = {gravitational lensing: weak, methods: statistical, techniques: image processing, cosmology: observations, dark energy, dark matter },
     year = 2012,
    month = sep,
   volume = 425,
    pages = {1951-1957},
      doi = {10.1111/j.1365-2966.2012.21483.x},
   adsurl = {http://adsabs.harvard.edu/abs/2012MNRAS.425.1951R},
  adsnote = {Provided by the SAO/NASA Astrophysics Data System}
}

@ARTICLE{2014MNRAS.439.1909V,
   author = {{Viola}, M. and {Kitching}, T.~D. and {Joachimi}, B.},
    title = "{On the probability distributions of ellipticity}",
  journal = {\mnras},
archivePrefix = "arXiv",
   eprint = {1309.7844},
 keywords = {methods: analytical, cosmology: theory, dark matter},
     year = 2014,
    month = apr,
   volume = 439,
    pages = {1909-1932},
      doi = {10.1093/mnras/stu071},
   adsurl = {http://adsabs.harvard.edu/abs/2014MNRAS.439.1909V},
  adsnote = {Provided by the SAO/NASA Astrophysics Data System}
}

@ARTICLE{2009ApJ...691..241B,
   author = {{Ben{\'{\i}}tez}, N. and {Gazta{\~n}aga}, E. and {Miquel}, R. and 
	{Castander}, F. and {Moles}, M. and {Crocce}, M. and {Fern{\'a}ndez-Soto}, A. and 
	{Fosalba}, P. and {Ballesteros}, F. and {Campa}, J. and {Cardiel-Sas}, L. and 
	{Castilla}, J. and {Crist{\'o}bal-Hornillos}, D. and {Delfino}, M. and 
	{Fern{\'a}ndez}, E. and {Fern{\'a}ndez-Sopuerta}, C. and {Garc{\'{\i}}a-Bellido}, J. and 
	{Lobo}, J.~A. and {Mart{\'{\i}}nez}, V.~J. and {Ortiz}, A. and 
	{Pacheco}, A. and {Paredes}, S. and {Pons-Border{\'{\i}}a}, M.~J. and 
	{S{\'a}nchez}, E. and {S{\'a}nchez}, S.~F. and {Varela}, J. and 
	{de Vicente}, J.~F.},
    title = "{Measuring Baryon Acoustic Oscillations Along the Line of Sight with Photometric Redshifts: The PAU Survey}",
  journal = {\apj},
archivePrefix = "arXiv",
   eprint = {0807.0535},
 keywords = {cosmological parameters, large-scale structure of universe},
     year = 2009,
    month = jan,
   volume = 691,
    pages = {241-260},
      doi = {10.1088/0004-637X/691/1/241},
   adsurl = {http://adsabs.harvard.edu/abs/2009ApJ...691..241B},
  adsnote = {Provided by the SAO/NASA Astrophysics Data System}
}

@ARTICLE{2003A&A...401...73W,
   author = {{Wolf}, C. and {Meisenheimer}, K. and {Rix}, H.-W. and {Borch}, A. and 
	{Dye}, S. and {Kleinheinrich}, M.},
    title = "{The COMBO-17 survey: Evolution of the galaxy luminosity function from 25 000 galaxies with 0.2<z<1.2}",
  journal = {\aap},
   eprint = {astro-ph/0208345},
 keywords = {techniques: photometric, surveys, galaxies: evolution, galaxies: distances and redshifts},
     year = 2003,
    month = apr,
   volume = 401,
    pages = {73-98},
      doi = {10.1051/0004-6361:20021513},
   adsurl = {http://adsabs.harvard.edu/abs/2003A%26A...401...73W},
  adsnote = {Provided by the SAO/NASA Astrophysics Data System}
}

@ARTICLE{2006A&A...449..539S,
   author = {{Sluse}, D. and {Claeskens}, J.-F. and {Altieri}, B. and {Cabanac}, R.~A. and 
	{Garcet}, O. and {Hutsem{\'e}kers}, D. and {Jean}, C. and {Smette}, A. and 
	{Surdej}, J.},
    title = "{Multi-wavelength study of the gravitational lens system RXS J113155.4-123155. I. Multi-epoch optical and near infrared imaging}",
  journal = {\aap},
   eprint = {astro-ph/0512473},
     year = 2006,
    month = apr,
   volume = 449,
    pages = {539-550},
      doi = {10.1051/0004-6361:20053148},
   adsurl = {http://adsabs.harvard.edu/abs/2006A%26A...449..539S},
  adsnote = {Provided by the SAO/NASA Astrophysics Data System}
}

@ARTICLE{2016arXiv160508761M,
   author = {{Marozzi}, G. and {Fanizza}, G. and {Di Dio}, E. and {Durrer}, R.
	},
    title = "{CMB-lensing beyond the Born approximation}",
  journal = {ArXiv e-prints},
archivePrefix = "arXiv",
   eprint = {1605.08761},
 keywords = {Astrophysics - Cosmology and Nongalactic Astrophysics, General Relativity and Quantum Cosmology, High Energy Physics - Theory},
     year = 2016,
    month = may,
   adsurl = {http://adsabs.harvard.edu/abs/2016arXiv160508761M},
  adsnote = {Provided by the SAO/NASA Astrophysics Data System}
}

@ARTICLE{2012MNRAS.420..455S,
   author = {{Sch{\"a}fer}, B.~M. and {Heisenberg}, L. and {Kalovidouris}, A.~F. and 
	{Bacon}, D.~J.},
    title = "{On the validity of the Born approximation for weak cosmic flexions}",
  journal = {\mnras},
archivePrefix = "arXiv",
   eprint = {1101.4769},
 primaryClass = "astro-ph.CO",
 keywords = {gravitational lensing: weak, methods: analytical, large-scale structure of Universe},
     year = 2012,
    month = feb,
   volume = 420,
    pages = {455-467},
      doi = {10.1111/j.1365-2966.2011.20051.x},
   adsurl = {http://adsabs.harvard.edu/abs/2012MNRAS.420..455S},
  adsnote = {Provided by the SAO/NASA Astrophysics Data System}
}

@ARTICLE{2016arXiv160501414L,
   author = {{Leistedt}, B. and {McEwen}, J.~D. and {B{\"u}ttner}, M. and 
	{Peiris}, H.~V.},
    title = "{Wavelet reconstruction of E and B modes for CMB polarisation and cosmic shear analyses}",
  journal = {ArXiv e-prints},
archivePrefix = "arXiv",
   eprint = {1605.01414},
 keywords = {Astrophysics - Cosmology and Nongalactic Astrophysics},
     year = 2016,
    month = may,
   adsurl = {http://adsabs.harvard.edu/abs/2016arXiv160501414L},
  adsnote = {Provided by the SAO/NASA Astrophysics Data System}
}

@ARTICLE{1989AJ.....97.1283L,
   author = {{Langston}, G.~I. and {Schneider}, D.~P. and {Conner}, S. and 
	{Carilli}, C.~L. and {Lehar}, J. and {Burke}, B.~F. and {Turner}, E.~L. and 
	{Gunn}, J.~E. and {Hewitt}, J.~N. and {Schmidt}, M.},
    title = "{MG 1654+1346 - an Einstein Ring image of a quasar radio lobe}",
  journal = {\aj},
 keywords = {Galactic Clusters, Gravitational Lenses, Quasars, Astrometry, Charge Coupled Devices, Mass To Light Ratios, Radio Observation, Red Shift, Very Large Array (Vla)},
     year = 1989,
    month = may,
   volume = 97,
    pages = {1283-1290},
      doi = {10.1086/115071},
   adsurl = {http://adsabs.harvard.edu/abs/1989AJ.....97.1283L},
  adsnote = {Provided by the SAO/NASA Astrophysics Data System}
}

@ARTICLE{2002ApJ...575...95C,
   author = {{Courbin}, F. and {Meylan}, G. and {Kneib}, J.-P. and {Lidman}, C.
	},
    title = "{Cosmic Alignment toward the Radio Einstein Ring PKS 1830-211?}",
  journal = {\apj},
   eprint = {astro-ph/0202026},
 keywords = {Cosmology: Observations, Cosmology: Gravitational Lensing, Galaxies: Quasars: Individual: Alphanumeric: PKS 1830-211},
     year = 2002,
    month = aug,
   volume = 575,
    pages = {95-102},
      doi = {10.1086/341261},
   adsurl = {http://adsabs.harvard.edu/abs/2002ApJ...575...95C},
  adsnote = {Provided by the SAO/NASA Astrophysics Data System}
}

@ARTICLE{2008ApJ...677.1046G,
   author = {{Gavazzi}, R. and {Treu}, T. and {Koopmans}, L.~V.~E. and {Bolton}, A.~S. and 
	{Moustakas}, L.~A. and {Burles}, S. and {Marshall}, P.~J.},
    title = "{The Sloan Lens ACS Survey. VI. Discovery and Analysis of a Double Einstein Ring}",
  journal = {\apj},
archivePrefix = "arXiv",
   eprint = {0801.1555},
 keywords = {cosmological parameters, dark matter, galaxies: elliptical and lenticular, cD, galaxies: halos, galaxies: structure, gravitational lensing},
     year = 2008,
    month = apr,
   volume = 677,
      eid = {1046-1059},
    pages = {1046-1059},
      doi = {10.1086/529541},
   adsurl = {http://adsabs.harvard.edu/abs/2008ApJ...677.1046G},
  adsnote = {Provided by the SAO/NASA Astrophysics Data System}
}

@ARTICLE{1999math.ph...6023G,
   author = {{Giannoni}, F. and {Masiello}, A. and {Piccione}, P.},
    title = "{The Fermat Principle in General Relativity and Applications}",
  journal = {ArXiv Mathematical Physics e-prints},
   eprint = {math-ph/9906023},
 keywords = {Mathematical Physics},
     year = 1999,
    month = jun,
   adsurl = {http://adsabs.harvard.edu/abs/1999math.ph...6023G},
  adsnote = {Provided by the SAO/NASA Astrophysics Data System}
}

@article{0264-9381-7-8-011,
  author={V Perlick},
  title={On Fermat's principle in general relativity. I. The general case},
  journal={Classical and Quantum Gravity},
  volume={7},
  number={8},
  pages={1319},
  url={http://stacks.iop.org/0264-9381/7/i=8/a=011},
  year={1990}
}

@ARTICLE{2013MNRAS.434.1604Z,
   author = {{Zuntz}, J. and {Kacprzak}, T. and {Voigt}, L. and {Hirsch}, M. and 
	{Rowe}, B. and {Bridle}, S.},
    title = "{IM3SHAPE: a maximum likelihood galaxy shear measurement code for cosmic gravitational lensing}",
  journal = {\mnras},
archivePrefix = "arXiv",
   eprint = {1302.0183},
 keywords = {gravitational lensing: weak, methods: data analysis, methods: statistical, techniques: image processing, cosmology: observations, dark energy},
     year = 2013,
    month = sep,
   volume = 434,
    pages = {1604-1618},
      doi = {10.1093/mnras/stt1125},
   adsurl = {http://adsabs.harvard.edu/abs/2013MNRAS.434.1604Z},
  adsnote = {Provided by the SAO/NASA Astrophysics Data System}
}

@ARTICLE{2008MNRAS.390..149K,
   author = {{Kitching}, T.~D. and {Miller}, L. and {Heymans}, C.~E. and 
	{van Waerbeke}, L. and {Heavens}, A.~F.},
    title = "{Bayesian galaxy shape measurement for weak lensing surveys - II. Application to simulations}",
  journal = {\mnras},
archivePrefix = "arXiv",
   eprint = {0802.1528},
 keywords = {gravitational lensing , methods: data analysis , methods: numerical , methods: statistical , cosmology: observation},
     year = 2008,
    month = oct,
   volume = 390,
    pages = {149-167},
      doi = {10.1111/j.1365-2966.2008.13628.x},
   adsurl = {http://adsabs.harvard.edu/abs/2008MNRAS.390..149K},
  adsnote = {Provided by the SAO/NASA Astrophysics Data System}
}

@ARTICLE{2015MNRAS.452..998H,
   author = {{Hoshino}, H. and {Leauthaud}, A. and {Lackner}, C. and {Hikage}, C. and 
	{Rozo}, E. and {Rykoff}, E. and {Mandelbaum}, R. and {More}, S. and 
	{More}, A. and {Saito}, S. and {Vulcani}, B.},
    title = "{Luminous red galaxies in clusters: central occupation, spatial distributions and miscentring}",
  journal = {\mnras},
archivePrefix = "arXiv",
   eprint = {1503.05200},
 keywords = {galaxies: clusters: general},
     year = 2015,
    month = sep,
   volume = 452,
    pages = {998-1013},
      doi = {10.1093/mnras/stv1271},
   adsurl = {http://adsabs.harvard.edu/abs/2015MNRAS.452..998H},
  adsnote = {Provided by the SAO/NASA Astrophysics Data System}
}

@ARTICLE{2012MNRAS.427..146H,
   author = {{Heymans}, C. and {Van Waerbeke}, L. and {Miller}, L. and {Erben}, T. and 
	{Hildebrandt}, H. and {Hoekstra}, H. and {Kitching}, T.~D. and 
	{Mellier}, Y. and {Simon}, P. and {Bonnett}, C. and {Coupon}, J. and 
	{Fu}, L. and {Harnois D{\'e}raps}, J. and {Hudson}, M.~J. and 
	{Kilbinger}, M. and {Kuijken}, K. and {Rowe}, B. and {Schrabback}, T. and 
	{Semboloni}, E. and {van Uitert}, E. and {Vafaei}, S. and {Velander}, M.
	},
    title = "{CFHTLenS: the Canada-France-Hawaii Telescope Lensing Survey}",
  journal = {\mnras},
archivePrefix = "arXiv",
   eprint = {1210.0032},
 keywords = {gravitational lensing: weak, cosmology: observations},
     year = 2012,
    month = nov,
   volume = 427,
    pages = {146-166},
      doi = {10.1111/j.1365-2966.2012.21952.x},
   adsurl = {http://adsabs.harvard.edu/abs/2012MNRAS.427..146H},
  adsnote = {Provided by the SAO/NASA Astrophysics Data System}
}


@ARTICLE{2015MNRAS.451.1460K,
   author = {{Kettula}, K. and {Giodini}, S. and {van Uitert}, E. and {Hoekstra}, H. and 
	{Finoguenov}, A. and {Lerchster}, M. and {Erben}, T. and {Heymans}, C. and 
	{Hildebrandt}, H. and {Kitching}, T.~D. and {Mahdavi}, A. and 
	{Mellier}, Y. and {Miller}, L. and {Mirkazemi}, M. and {Van Waerbeke}, L. and 
	{Coupon}, J. and {Egami}, E. and {Fu}, L. and {Hudson}, M.~J. and 
	{Kneib}, J.~P. and {Kuijken}, K. and {McCracken}, H.~J. and 
	{Pereira}, M.~J. and {Rowe}, B. and {Schrabback}, T. and {Tanaka}, M. and 
	{Velander}, M.},
    title = "{CFHTLenS: weak lensing calibrated scaling relations for low-mass clusters of galaxies}",
  journal = {\mnras},
archivePrefix = "arXiv",
   eprint = {1410.8769},
 keywords = {gravitational lensing: weak, galaxies: clusters: general, cosmology: observations, dark matter, X-rays: galaxies: clusters},
     year = 2015,
    month = aug,
   volume = 451,
    pages = {1460-1481},
      doi = {10.1093/mnras/stv923},
   adsurl = {http://adsabs.harvard.edu/abs/2015MNRAS.451.1460K},
  adsnote = {Provided by the SAO/NASA Astrophysics Data System}
}

@ARTICLE{2015ApJ...806..186O,
   author = {{Osato}, K. and {Shirasaki}, M. and {Yoshida}, N.},
    title = "{Impact of Baryonic Processes on Weak-lensing Cosmology: Power Spectrum, Nonlocal Statistics, and Parameter Bias}",
  journal = {\apj},
archivePrefix = "arXiv",
   eprint = {1501.02055},
 keywords = {cosmological parameters, cosmology: theory, gravitational lensing: weak, large-scale structure of universe},
     year = 2015,
    month = jun,
   volume = 806,
      eid = {186},
    pages = {186},
      doi = {10.1088/0004-637X/806/2/186},
   adsurl = {http://adsabs.harvard.edu/abs/2015ApJ...806..186O},
  adsnote = {Provided by the SAO/NASA Astrophysics Data System}
}

@ARTICLE{2004APh....22..211W,
   author = {{White}, M.},
    title = "{Baryons and weak lensing power spectra}",
  journal = {Astroparticle Physics},
   eprint = {astro-ph/0405593},
 keywords = {Cosmology, Lensing, Large-scale structures, Superclusters, large-scale structure of the Universe, Observational cosmology, Background radiations},
     year = 2004,
    month = nov,
   volume = 22,
    pages = {211-217},
      doi = {10.1016/j.astropartphys.2004.06.001},
   adsurl = {http://adsabs.harvard.edu/abs/2004APh....22..211W},
  adsnote = {Provided by the SAO/NASA Astrophysics Data System}
}

@ARTICLE{2006ApJ...648L.109C,
   author = {{Clowe}, D. and {Brada{\v c}}, M. and {Gonzalez}, A.~H. and 
	{Markevitch}, M. and {Randall}, S.~W. and {Jones}, C. and {Zaritsky}, D.
	},
    title = "{A Direct Empirical Proof of the Existence of Dark Matter}",
  journal = {\apjl},
   eprint = {astro-ph/0608407},
 keywords = {Cosmology: Dark Matter, galaxies: clusters: individual (1E 0657-558), Cosmology: Gravitational Lensing},
     year = 2006,
    month = sep,
   volume = 648,
    pages = {L109-L113},
      doi = {10.1086/508162},
   adsurl = {http://adsabs.harvard.edu/abs/2006ApJ...648L.109C},
  adsnote = {Provided by the SAO/NASA Astrophysics Data System}
}

@ARTICLE{2010PASJ...62..811O,
   author = {{Okabe}, N. and {Takada}, M. and {Umetsu}, K. and {Futamase}, T. and 
	{Smith}, G.~P.},
    title = "{LoCuSS: Subaru Weak Lensing Study of 30 Galaxy Clusters}",
  journal = {\pasj},
archivePrefix = "arXiv",
   eprint = {0903.1103},
 keywords = {cosmology: observations, dark matter, galaxies: clusters, gravitational lensing},
     year = 2010,
    month = jun,
   volume = 62,
    pages = {811-870},
      doi = {10.1093/pasj/62.3.811},
   adsurl = {http://adsabs.harvard.edu/abs/2010PASJ...62..811O},
  adsnote = {Provided by the SAO/NASA Astrophysics Data System}
}

@ARTICLE{2011MNRAS.417.2020S,
   author = {{Semboloni}, E. and {Hoekstra}, H. and {Schaye}, J. and {van Daalen}, M.~P. and 
	{McCarthy}, I.~G.},
    title = "{Quantifying the effect of baryon physics on weak lensing tomography}",
  journal = {\mnras},
archivePrefix = "arXiv",
   eprint = {1105.1075},
 keywords = {gravitational lensing: weak, surveys, cosmological parameters, cosmology: theory, dark energy, large-scale structure of Universe},
     year = 2011,
    month = nov,
   volume = 417,
    pages = {2020-2035},
      doi = {10.1111/j.1365-2966.2011.19385.x},
   adsurl = {http://adsabs.harvard.edu/abs/2011MNRAS.417.2020S},
  adsnote = {Provided by the SAO/NASA Astrophysics Data System}
}

@ARTICLE{2014JCAP...04..028F,
   author = {{Fedeli}, C.},
    title = "{The clustering of baryonic matter. I: a halo-model approach}",
  journal = {\jcap},
archivePrefix = "arXiv",
   eprint = {1401.2997},
     year = 2014,
    month = apr,
   volume = 4,
      eid = {028},
    pages = {028},
      doi = {10.1088/1475-7516/2014/04/028},
   adsurl = {http://adsabs.harvard.edu/abs/2014JCAP...04..028F},
  adsnote = {Provided by the SAO/NASA Astrophysics Data System}
}

@ARTICLE{2015MNRAS.454.1958M,
   author = {{Mead}, A.~J. and {Peacock}, J.~A. and {Heymans}, C. and {Joudaki}, S. and 
	{Heavens}, A.~F.},
    title = "{An accurate halo model for fitting non-linear cosmological power spectra and baryonic feedback models}",
  journal = {\mnras},
archivePrefix = "arXiv",
   eprint = {1505.07833},
 keywords = {gravitational lensing: weak, cosmology: theory, dark energy, large-scale structure of Universe},
     year = 2015,
    month = dec,
   volume = 454,
    pages = {1958-1975},
      doi = {10.1093/mnras/stv2036},
   adsurl = {http://adsabs.harvard.edu/abs/2015MNRAS.454.1958M},
  adsnote = {Provided by the SAO/NASA Astrophysics Data System}
}

@ARTICLE{2012ApJ...761..152T,
   author = {{Takahashi}, R. and {Sato}, M. and {Nishimichi}, T. and {Taruya}, A. and 
	{Oguri}, M.},
    title = "{Revising the Halofit Model for the Nonlinear Matter Power Spectrum}",
  journal = {\apj},
archivePrefix = "arXiv",
   eprint = {1208.2701},
 keywords = {cosmology: theory, large-scale structure of universe, methods: numerical},
     year = 2012,
    month = dec,
   volume = 761,
      eid = {152},
    pages = {152},
      doi = {10.1088/0004-637X/761/2/152},
   adsurl = {http://adsabs.harvard.edu/abs/2012ApJ...761..152T},
  adsnote = {Provided by the SAO/NASA Astrophysics Data System}
}

@ARTICLE{2003MNRAS.341.1311S,
   author = {{Smith}, R.~E. and {Peacock}, J.~A. and {Jenkins}, A. and {White}, S.~D.~M. and 
	{Frenk}, C.~S. and {Pearce}, F.~R. and {Thomas}, P.~A. and {Efstathiou}, G. and 
	{Couchman}, H.~M.~P.},
    title = "{Stable clustering, the halo model and non-linear cosmological power spectra}",
  journal = {\mnras},
   eprint = {astro-ph/0207664},
 keywords = {methods: N-body simulations, cosmology: theory, large-scale structure of Universe},
     year = 2003,
    month = jun,
   volume = 341,
    pages = {1311-1332},
      doi = {10.1046/j.1365-8711.2003.06503.x},
   adsurl = {http://adsabs.harvard.edu/abs/2003MNRAS.341.1311S},
  adsnote = {Provided by the SAO/NASA Astrophysics Data System}
}

@ARTICLE{2015MNRAS.452.3529V,
   author = {{Viola}, M. and {Cacciato}, M. and {Brouwer}, M. and {Kuijken}, K. and 
	{Hoekstra}, H. and {Norberg}, P. and {Robotham}, A.~S.~G. and 
	{van Uitert}, E. and {Alpaslan}, M. and {Baldry}, I.~K. and 
	{Choi}, A. and {de Jong}, J.~T.~A. and {Driver}, S.~P. and {Erben}, T. and 
	{Grado}, A. and {Graham}, A.~W. and {Heymans}, C. and {Hildebrandt}, H. and 
	{Hopkins}, A.~M. and {Irisarri}, N. and {Joachimi}, B. and {Loveday}, J. and 
	{Miller}, L. and {Nakajima}, R. and {Schneider}, P. and {Sif{\'o}n}, C. and 
	{Verdoes Kleijn}, G.},
    title = "{Dark matter halo properties of GAMA galaxy groups from 100 square degrees of KiDS weak lensing data}",
  journal = {\mnras},
archivePrefix = "arXiv",
   eprint = {1507.00735},
 keywords = {methods: observational, methods: statistical, galaxies: groups: general, galaxies: haloes, dark matter, large-scale structure of Universe},
     year = 2015,
    month = oct,
   volume = 452,
    pages = {3529-3550},
      doi = {10.1093/mnras/stv1447},
   adsurl = {http://adsabs.harvard.edu/abs/2015MNRAS.452.3529V},
  adsnote = {Provided by the SAO/NASA Astrophysics Data System}
}

@ARTICLE{2016arXiv160407233B,
   author = {{Brouwer}, M.~M. and {Cacciato}, M. and {Dvornik}, A. and {Eardley}, L. and 
	{Heymans}, C. and {Hoekstra}, H. and {Kuijken}, K. and {McNaught-Roberts}, T. and 
	{Sif{\'o}n}, C. and {Viola}, M. and {Alpaslan}, M. and {Bilicki}, M. and 
	{Bland-Hawthorn}, J. and {Brough}, S. and {Choi}, A. and {Driver}, S.~P. and 
	{Erben}, T. and {Grado}, A. and {Hildebrandt}, H. and {Holwerda}, B.~W. and 
	{Hopkins}, A.~M. and {de Jong}, J.~T.~A. and {Liske}, J. and 
	{McFarland}, J. and {Nakajima}, R. and {Napolitano}, N.~R. and 
	{Norberg}, P. and {Peacock}, J.~A. and {Radovich}, M. and {Robotham}, A.~S.~G. and 
	{Schneider}, P. and {Sikkema}, G. and {van Uitert}, E. and {Verdoes Kleijn}, G.
	},
    title = "{Dependence of GAMA galaxy halo masses on the cosmic web environment from 100 square degrees of KiDS weak lensing data}",
  journal = {ArXiv e-prints},
archivePrefix = "arXiv",
   eprint = {1604.07233},
 keywords = {Astrophysics - Astrophysics of Galaxies},
     year = 2016,
    month = apr,
   adsurl = {http://adsabs.harvard.edu/abs/2016arXiv160407233B},
  adsnote = {Provided by the SAO/NASA Astrophysics Data System}
}

@ARTICLE{2013MNRAS.431.1439G,
   author = {{Gillis}, B.~R. and {Hudson}, M.~J. and {Erben}, T. and {Heymans}, C. and 
	{Hildebrandt}, H. and {Hoekstra}, H. and {Kitching}, T.~D. and 
	{Mellier}, Y. and {Miller}, L. and {van Waerbeke}, L. and {Bonnett}, C. and 
	{Coupon}, J. and {Fu}, L. and {Hilbert}, S. and {Rowe}, B.~T.~P. and 
	{Schrabback}, T. and {Semboloni}, E. and {van Uitert}, E. and 
	{Velander}, M.},
    title = "{CFHTLenS: the environmental dependence of galaxy halo masses from weak lensing}",
  journal = {\mnras},
archivePrefix = "arXiv",
   eprint = {1301.7421},
 keywords = {gravitational lensing: weak, galaxies: clusters: general, galaxies: groups: general},
     year = 2013,
    month = may,
   volume = 431,
    pages = {1439-1452},
      doi = {10.1093/mnras/stt274},
   adsurl = {http://adsabs.harvard.edu/abs/2013MNRAS.431.1439G},
  adsnote = {Provided by the SAO/NASA Astrophysics Data System}
}

@ARTICLE{MASTER,
   author = {{Hivon}, E. and {G{\'o}rski}, K.~M. and {Netterfield}, C.~B. and 
	{Crill}, B.~P. and {Prunet}, S. and {Hansen}, F.},
    title = "{MASTER of the Cosmic Microwave Background Anisotropy Power Spectrum: A Fast Method for Statistical Analysis of Large and Complex Cosmic Microwave Background Data Sets}",
  journal = {\apj},
   eprint = {astro-ph/0105302},
 keywords = {Cosmology: Cosmic Microwave Background, Methods: Statistical},
     year = 2002,
    month = mar,
   volume = 567,
    pages = {2-17},
      doi = {10.1086/338126},
   adsurl = {http://adsabs.harvard.edu/abs/2002ApJ...567....2H},
  adsnote = {Provided by the SAO/NASA Astrophysics Data System}
}
@BOOK{1993ppc..book.....P,
   author = {{Peebles}, P.~J.~E.},
    title = "{Principles of Physical Cosmology}",
booktitle = {Principles of Physical Cosmology by P.J.E.~Peebles.~Princeton University Press, 1993.~ISBN: 978-0-691-01933-8},
     year = 1993,
   adsurl = {http://adsabs.harvard.edu/abs/1993ppc..book.....P},
  adsnote = {Provided by the SAO/NASA Astrophysics Data System}
}

@ARTICLE{2010PhRvD..82d9901H,
   author = {{Hirata}, C.~M. and {Seljak}, U.},
    title = "{Erratum: Intrinsic alignment-lensing interference as a contaminant of cosmic shear [Phys. Rev. D 70, 063526 (2004)]}",
  journal = {\prd},
 keywords = {Observational cosmology, Galactic halos, Gravitational lenses and luminous arcs, Errata},
     year = 2010,
    month = aug,
   volume = 82,
   number = 4,
      eid = {049901},
    pages = {049901},
      doi = {10.1103/PhysRevD.82.049901},
   adsurl = {http://adsabs.harvard.edu/abs/2010PhRvD..82d9901H},
  adsnote = {Provided by the SAO/NASA Astrophysics Data System}
}
@ARTICLE{2001MNRAS.320L...7C,
   author = {{Catelan}, P. and {Kamionkowski}, M. and {Blandford}, R.~D.},
    title = "{Intrinsic and extrinsic galaxy alignment}",
  journal = {\mnras},
   eprint = {astro-ph/0005470},
 keywords = {GRAVITATIONAL LENSING, COSMOLOGY: THEORY, LARGE-SCALE STRUCTURE OF UNIVERSE},
     year = 2001,
    month = jan,
   volume = 320,
    pages = {L7-L13},
      doi = {10.1046/j.1365-8711.2001.04105.x},
   adsurl = {http://adsabs.harvard.edu/abs/2001MNRAS.320L...7C},
  adsnote = {Provided by the SAO/NASA Astrophysics Data System}
}
@INPROCEEDINGS{2014IAUS..306...99J,
   author = {{Joachimi}, B. and {Taylor}, A.},
    title = "{Errors on errors - Estimating cosmological parameter covariance}",
 keywords = {Methods: statistical, methods: data analysis, cosmological parameters,},
booktitle = {Statistical Challenges in 21st Century Cosmology},
     year = 2014,
   series = {IAU Symposium},
   volume = 306,
archivePrefix = "arXiv",
   eprint = {1412.4914},
 primaryClass = "astro-ph.IM",
   editor = {{Heavens}, A. and {Starck}, J.-L. and {Krone-Martins}, A.},
    month = may,
    pages = {99-103},
      doi = {10.1017/S1743921314013428},
   adsurl = {http://adsabs.harvard.edu/abs/2014IAUS..306...99J},
  adsnote = {Provided by the SAO/NASA Astrophysics Data System}
}
@ARTICLE{2013MNRAS.432.1928T,
   author = {{Taylor}, A. and {Joachimi}, B. and {Kitching}, T.},
    title = "{Putting the precision in precision cosmology: How accurate should your data covariance matrix be?}",
  journal = {\mnras},
archivePrefix = "arXiv",
   eprint = {1212.4359},
 keywords = {methods: statistical, cosmological parameters, cosmology: theory, large-scale structure of Universe},
     year = 2013,
    month = jul,
   volume = 432,
    pages = {1928-1946},
      doi = {10.1093/mnras/stt270},
   adsurl = {http://adsabs.harvard.edu/abs/2013MNRAS.432.1928T},
  adsnote = {Provided by the SAO/NASA Astrophysics Data System}
}
@ARTICLE{2013MNRAS.430.2200K,
   author = {{Kilbinger}, M. and {Fu}, L. and {Heymans}, C. and {Simpson}, F. and 
	{Benjamin}, J. and {Erben}, T. and {Harnois-D{\'e}raps}, J. and 
	{Hoekstra}, H. and {Hildebrandt}, H. and {Kitching}, T.~D. and 
	{Mellier}, Y. and {Miller}, L. and {Van Waerbeke}, L. and {Benabed}, K. and 
	{Bonnett}, C. and {Coupon}, J. and {Hudson}, M.~J. and {Kuijken}, K. and 
	{Rowe}, B. and {Schrabback}, T. and {Semboloni}, E. and {Vafaei}, S. and 
	{Velander}, M.},
    title = "{CFHTLenS: combined probe cosmological model comparison using 2D weak gravitational lensing}",
  journal = {\mnras},
archivePrefix = "arXiv",
   eprint = {1212.3338},
 keywords = {methods: statistical, cosmological parameters},
     year = 2013,
    month = apr,
   volume = 430,
    pages = {2200-2220},
      doi = {10.1093/mnras/stt041},
   adsurl = {http://adsabs.harvard.edu/abs/2013MNRAS.430.2200K},
  adsnote = {Provided by the SAO/NASA Astrophysics Data System}
}

@ARTICLE{1992ApJ...388..272K,
   author = {{Kaiser}, N.},
    title = "{Weak gravitational lensing of distant galaxies}",
  journal = {\apj},
 keywords = {Galactic Clusters, Galactic Structure, Gravitational Lenses, Mass Distribution, Power Spectra, Quasars, Spatial Distribution, Universe},
     year = 1992,
    month = apr,
   volume = 388,
    pages = {272-286},
      doi = {10.1086/171151},
   adsurl = {http://adsabs.harvard.edu/abs/1992ApJ...388..272K},
  adsnote = {Provided by the SAO/NASA Astrophysics Data System}
}
@ARTICLE{2013PhRvD..87l3504T,
   author = {{Takada}, M. and {Hu}, W.},
    title = "{Power spectrum super-sample covariance}",
  journal = {\prd},
archivePrefix = "arXiv",
   eprint = {1302.6994},
 primaryClass = "astro-ph.CO",
 keywords = {Cosmology, Dark energy, Superclusters, large-scale structure of the Universe},
     year = 2013,
    month = jun,
   volume = 87,
   number = 12,
      eid = {123504},
    pages = {123504},
      doi = {10.1103/PhysRevD.87.123504},
   adsurl = {http://adsabs.harvard.edu/abs/2013PhRvD..87l3504T},
  adsnote = {Provided by the SAO/NASA Astrophysics Data System}
}
@ARTICLE{2011MNRAS.414.2235K,
   author = {{Kiessling}, A. and {Heavens}, A.~F. and {Taylor}, A.~N. and 
	{Joachimi}, B.},
    title = "{SUNGLASS: a new weak-lensing simulation pipeline}",
  journal = {\mnras},
archivePrefix = "arXiv",
   eprint = {1011.1476},
 keywords = {gravitational lensing: weak, methods: numerical, large-scale structure of Universe},
     year = 2011,
    month = jul,
   volume = 414,
    pages = {2235-2245},
      doi = {10.1111/j.1365-2966.2011.18540.x},
   adsurl = {http://adsabs.harvard.edu/abs/2011MNRAS.414.2235K},
  adsnote = {Provided by the SAO/NASA Astrophysics Data System}
}
@ARTICLE{2007MNRAS.376...13M,
   author = {{Massey}, R. and {Heymans}, C. and {Berg{\'e}}, J. and {Bernstein}, G. and 
	{Bridle}, S. and {Clowe}, D. and {Dahle}, H. and {Ellis}, R. and 
	{Erben}, T. and {Hetterscheidt}, M. and {High}, F.~W. and {Hirata}, C. and 
	{Hoekstra}, H. and {Hudelot}, P. and {Jarvis}, M. and {Johnston}, D. and 
	{Kuijken}, K. and {Margoniner}, V. and {Mandelbaum}, R. and 
	{Mellier}, Y. and {Nakajima}, R. and {Paulin-Henriksson}, S. and 
	{Peeples}, M. and {Roat}, C. and {Refregier}, A. and {Rhodes}, J. and 
	{Schrabback}, T. and {Schirmer}, M. and {Seljak}, U. and {Semboloni}, E. and 
	{van Waerbeke}, L.},
    title = "{The Shear Testing Programme 2: Factors affecting high-precision weak-lensing analyses}",
  journal = {\mnras},
   eprint = {astro-ph/0608643},
 keywords = {gravitational lensing, methods: data analysis, cosmology: observations},
     year = 2007,
    month = mar,
   volume = 376,
    pages = {13-38},
      doi = {10.1111/j.1365-2966.2006.11315.x},
   adsurl = {http://adsabs.harvard.edu/abs/2007MNRAS.376...13M},
  adsnote = {Provided by the SAO/NASA Astrophysics Data System}
}
@ARTICLE{2006MNRAS.368.1323H,
   author = {{Heymans}, C. and {Van Waerbeke}, L. and {Bacon}, D. and {Berge}, J. and 
	{Bernstein}, G. and {Bertin}, E. and {Bridle}, S. and {Brown}, M.~L. and 
	{Clowe}, D. and {Dahle}, H. and {Erben}, T. and {Gray}, M. and 
	{Hetterscheidt}, M. and {Hoekstra}, H. and {Hudelot}, P. and 
	{Jarvis}, M. and {Kuijken}, K. and {Margoniner}, V. and {Massey}, R. and 
	{Mellier}, Y. and {Nakajima}, R. and {Refregier}, A. and {Rhodes}, J. and 
	{Schrabback}, T. and {Wittman}, D.},
    title = "{The Shear Testing Programme - I. Weak lensing analysis of simulated ground-based observations}",
  journal = {\mnras},
   eprint = {astro-ph/0506112},
 keywords = {gravitational lensing , cosmology: observations , large-scale structure of Universe},
     year = 2006,
    month = may,
   volume = 368,
    pages = {1323-1339},
      doi = {10.1111/j.1365-2966.2006.10198.x},
   adsurl = {http://adsabs.harvard.edu/abs/2006MNRAS.368.1323H},
  adsnote = {Provided by the SAO/NASA Astrophysics Data System}
}
@ARTICLE{2015MNRAS.450.2963M,
   author = {{Mandelbaum}, R. and {Rowe}, B. and {Armstrong}, R. and {Bard}, D. and 
	{Bertin}, E. and {Bosch}, J. and {Boutigny}, D. and {Courbin}, F. and 
	{Dawson}, W.~A. and {Donnarumma}, A. and {Fenech Conti}, I. and 
	{Gavazzi}, R. and {Gentile}, M. and {Gill}, M.~S.~S. and {Hogg}, D.~W. and 
	{Huff}, E.~M. and {Jee}, M.~J. and {Kacprzak}, T. and {Kilbinger}, M. and 
	{Kuntzer}, T. and {Lang}, D. and {Luo}, W. and {March}, M.~C. and 
	{Marshall}, P.~J. and {Meyers}, J.~E. and {Miller}, L. and {Miyatake}, H. and 
	{Nakajima}, R. and {Ngol{\'e} Mboula}, F.~M. and {Nurbaeva}, G. and 
	{Okura}, Y. and {Paulin-Henriksson}, S. and {Rhodes}, J. and 
	{Schneider}, M.~D. and {Shan}, H. and {Sheldon}, E.~S. and {Simet}, M. and 
	{Starck}, J.-L. and {Sureau}, F. and {Tewes}, M. and {Zarb Adami}, K. and 
	{Zhang}, J. and {Zuntz}, J.},
    title = "{GREAT3 results - I. Systematic errors in shear estimation and the impact of real galaxy morphology}",
  journal = {\mnras},
archivePrefix = "arXiv",
   eprint = {1412.1825},
 keywords = {gravitational lensing: weak, methods: data analysis, techniques: image processing, cosmology: observations},
     year = 2015,
    month = jul,
   volume = 450,
    pages = {2963-3007},
      doi = {10.1093/mnras/stv781},
   adsurl = {http://adsabs.harvard.edu/abs/2015MNRAS.450.2963M},
  adsnote = {Provided by the SAO/NASA Astrophysics Data System}
}
@ARTICLE{2014ApJS..212....5M,
   author = {{Mandelbaum}, R. and {Rowe}, B. and {Bosch}, J. and {Chang}, C. and 
	{Courbin}, F. and {Gill}, M. and {Jarvis}, M. and {Kannawadi}, A. and 
	{Kacprzak}, T. and {Lackner}, C. and {Leauthaud}, A. and {Miyatake}, H. and 
	{Nakajima}, R. and {Rhodes}, J. and {Simet}, M. and {Zuntz}, J. and 
	{Armstrong}, B. and {Bridle}, S. and {Coupon}, J. and {Dietrich}, J.~P. and 
	{Gentile}, M. and {Heymans}, C. and {Jurling}, A.~S. and {Kent}, S.~M. and 
	{Kirkby}, D. and {Margala}, D. and {Massey}, R. and {Melchior}, P. and 
	{Peterson}, J. and {Roodman}, A. and {Schrabback}, T.},
    title = "{The Third Gravitational Lensing Accuracy Testing (GREAT3) Challenge Handbook}",
  journal = {\apjs},
archivePrefix = "arXiv",
   eprint = {1308.4982},
 keywords = {gravitational lensing: weak, methods: data analysis, methods: statistical, techniques: image processing},
     year = 2014,
    month = may,
   volume = 212,
      eid = {5},
    pages = {5},
      doi = {10.1088/0067-0049/212/1/5},
   adsurl = {http://adsabs.harvard.edu/abs/2014ApJS..212....5M},
  adsnote = {Provided by the SAO/NASA Astrophysics Data System}
}
@ARTICLE{2012MNRAS.423.3163K,
   author = {{Kitching}, T.~D. and {Balan}, S.~T. and {Bridle}, S. and {Cantale}, N. and 
	{Courbin}, F. and {Eifler}, T. and {Gentile}, M. and {Gill}, M.~S.~S. and 
	{Harmeling}, S. and {Heymans}, C. and {Hirsch}, M. and {Honscheid}, K. and 
	{Kacprzak}, T. and {Kirkby}, D. and {Margala}, D. and {Massey}, R.~J. and 
	{Melchior}, P. and {Nurbaeva}, G. and {Patton}, K. and {Rhodes}, J. and 
	{Rowe}, B.~T.~P. and {Taylor}, A.~N. and {Tewes}, M. and {Viola}, M. and 
	{Witherick}, D. and {Voigt}, L. and {Young}, J. and {Zuntz}, J.
	},
    title = "{Image analysis for cosmology: results from the GREAT10 Galaxy Challenge}",
  journal = {\mnras},
archivePrefix = "arXiv",
   eprint = {1202.5254},
 primaryClass = "astro-ph.CO",
 keywords = {gravitational lensing: weak, methods: statistical, techniques: image processing, cosmology: observations},
     year = 2012,
    month = jul,
   volume = 423,
    pages = {3163-3208},
      doi = {10.1111/j.1365-2966.2012.21095.x},
   adsurl = {http://adsabs.harvard.edu/abs/2012MNRAS.423.3163K},
  adsnote = {Provided by the SAO/NASA Astrophysics Data System}
}
@ARTICLE{2013ApJS..205...12K,
   author = {{Kitching}, T.~D. and {Rowe}, B. and {Gill}, M. and {Heymans}, C. and 
	{Massey}, R. and {Witherick}, D. and {Courbin}, F. and {Georgatzis}, K. and 
	{Gentile}, M. and {Gruen}, D. and {Kilbinger}, M. and {Li}, G.~L. and 
	{Mariglis}, A.~P. and {Meylan}, G. and {Storkey}, A. and {Xin}, B.
	},
    title = "{Image Analysis for Cosmology: Results from the GREAT10 Star Challenge}",
  journal = {\apjs},
archivePrefix = "arXiv",
   eprint = {1210.1979},
 primaryClass = "astro-ph.IM",
 keywords = {atmospheric effects, cosmology: observations, methods: data analysis, techniques: image processing},
     year = 2013,
    month = apr,
   volume = 205,
      eid = {12},
    pages = {12},
      doi = {10.1088/0067-0049/205/2/12},
   adsurl = {http://adsabs.harvard.edu/abs/2013ApJS..205...12K},
  adsnote = {Provided by the SAO/NASA Astrophysics Data System}
}
@ARTICLE{2010arXiv1009.0779K,
   author = {{Kitching}, T. and {Balan}, S. and {Bernstein}, G. and {Bethge}, M. and 
	{Bridle}, S. and {Courbin}, F. and {Gentile}, M. and {Heavens}, A. and 
	{Hirsch}, M. and {Hosseini}, R. and {Kiessling}, A. and {Amara}, A. and 
	{Kirk}, D. and {Kuijken}, K. and {Mandelbaum}, R. and {Moghaddam}, B. and 
	{Nurbaeva}, G. and {Paulin-Henriksson}, S. and {Rassat}, A. and 
	{Rhodes}, J. and {Sch{\"o}lkopf}, B. and {Shawe-Taylor}, J. and 
	{Gill}, M. and {Shmakova}, M. and {Taylor}, A. and {Velander}, M. and 
	{van Waerbeke}, L. and {Witherick}, D. and {Wittman}, D. and 
	{Harmeling}, S. and {Heymans}, C. and {Massey}, R. and {Rowe}, B. and 
	{Schrabback}, T. and {Voigt}, L.},
    title = "{Gravitational Lensing Accuracy Testing 2010 (GREAT10) Challenge Handbook}",
  journal = {ArXiv e-prints},
archivePrefix = "arXiv",
   eprint = {1009.0779},
 primaryClass = "astro-ph.CO",
 keywords = {Astrophysics - Cosmology and Extragalactic Astrophysics, Statistics - Applications},
     year = 2010,
    month = sep,
   adsurl = {http://adsabs.harvard.edu/abs/2010arXiv1009.0779K},
  adsnote = {Provided by the SAO/NASA Astrophysics Data System}
}
@ARTICLE{2010MNRAS.405.2044B,
   author = {{Bridle}, S. and {Balan}, S.~T. and {Bethge}, M. and {Gentile}, M. and 
	{Harmeling}, S. and {Heymans}, C. and {Hirsch}, M. and {Hosseini}, R. and 
	{Jarvis}, M. and {Kirk}, D. and {Kitching}, T. and {Kuijken}, K. and 
	{Lewis}, A. and {Paulin-Henriksson}, S. and {Sch{\"o}lkopf}, B. and 
	{Velander}, M. and {Voigt}, L. and {Witherick}, D. and {Amara}, A. and 
	{Bernstein}, G. and {Courbin}, F. and {Gill}, M. and {Heavens}, A. and 
	{Mandelbaum}, R. and {Massey}, R. and {Moghaddam}, B. and {Rassat}, A. and 
	{R{\'e}fr{\'e}gier}, A. and {Rhodes}, J. and {Schrabback}, T. and 
	{Shawe-Taylor}, J. and {Shmakova}, M. and {van Waerbeke}, L. and 
	{Wittman}, D.},
    title = "{Results of the GREAT08 Challenge: an image analysis competition for cosmological lensing}",
  journal = {\mnras},
archivePrefix = "arXiv",
   eprint = {0908.0945},
 keywords = {gravitational lensing: weak, methods: data analysis, methods: statistical, techniques: image processing, cosmology: observations, large-scale structure of Universe},
     year = 2010,
    month = jul,
   volume = 405,
    pages = {2044-2061},
      doi = {10.1111/j.1365-2966.2010.16598.x},
   adsurl = {http://adsabs.harvard.edu/abs/2010MNRAS.405.2044B},
  adsnote = {Provided by the SAO/NASA Astrophysics Data System}
}

@ARTICLE{2009AnApS...3....6B,
   author = {{Bridle}, S. and {Shawe-Taylor}, J. and {Amara}, A. and {Applegate}, D. and 
	{Balan}, Berge, Joel, S.~T. and {Bernstein}, G. and {Dahle}, H. and 
	{Erben}, T. and {Gill}, M. and {Heavens}, A. and {Heymans}, C. and 
	{High}, F.~W. and {Hoekstra}, H. and {Jarvis}, M. and {Kirk}, D. and 
	{Kitching}, T. and {Kneib}, J.-P. and {Kuijken}, K. and {Lagatutta}, D. and 
	{Mandelbaum}, R. and {Massey}, R. and {Mellier}, Y. and {Moghaddam}, B. and 
	{Moudden}, Y. and {Nakajima}, R. and {Paulin-Henriksson}, S. and 
	{Pires}, S. and {Rassat}, A. and {Refregier}, A. and {Rhodes}, J. and 
	{Schrabback}, T. and {Semboloni}, E. and {Shmakova}, M. and 
	{van Waerbeke}, L. and {Witherick}, D. and {Voigt}, L. and {Wittman}, D.
	},
    title = "{Handbook for the GREAT08 Challenge: An image analysis competition for cosmological lensing}",
  journal = {Annals of Applied Statistics},
archivePrefix = "arXiv",
   eprint = {0802.1214},
 keywords = {Inference, inverse problems, astronomy},
     year = 2009,
   volume = 3,
    pages = {6-37},
      doi = {10.1214/08-AOAS222},
   adsurl = {http://adsabs.harvard.edu/abs/2009AnApS...3....6B},
  adsnote = {Provided by the SAO/NASA Astrophysics Data System}
}

@ARTICLE{2015RPPh...78h6901K,
   author = {{Kilbinger}, M.},
    title = "{Cosmology with cosmic shear observations: a review}",
  journal = {Reports on Progress in Physics},
archivePrefix = "arXiv",
   eprint = {1411.0115},
     year = 2015,
    month = jul,
   volume = 78,
   number = 8,
      eid = {086901},
    pages = {086901},
      doi = {10.1088/0034-4885/78/8/086901},
   adsurl = {http://adsabs.harvard.edu/abs/2015RPPh...78h6901K},
  adsnote = {Provided by the SAO/NASA Astrophysics Data System}
}
@ARTICLE{2013MNRAS.430.2844C,
   author = {{Casaponsa}, B. and {Heavens}, A.~F. and {Kitching}, T.~D. and 
	{Miller}, L. and {Barreiro}, R.~B. and {Mart{\'{\i}}nez-Gonz{\'a}lez}, E.
	},
    title = "{Size magnification as a complement to cosmic shear}",
  journal = {\mnras},
archivePrefix = "arXiv",
   eprint = {1209.1646},
 keywords = {gravitational lensing: weak, methods: data analysis},
     year = 2013,
    month = apr,
   volume = 430,
    pages = {2844-2853},
      doi = {10.1093/mnras/stt088},
   adsurl = {http://adsabs.harvard.edu/abs/2013MNRAS.430.2844C},
  adsnote = {Provided by the SAO/NASA Astrophysics Data System}
}

@ARTICLE{1974ApJ...187..425P,
   author = {{Press}, W.~H. and {Schechter}, P.},
    title = "{Formation of Galaxies and Clusters of Galaxies by Self-Similar Gravitational Condensation}",
  journal = {\apj},
     year = 1974,
    month = feb,
   volume = 187,
    pages = {425-438},
      doi = {10.1086/152650},
   adsurl = {http://adsabs.harvard.edu/abs/1974ApJ...187..425P},
  adsnote = {Provided by the SAO/NASA Astrophysics Data System}
}

@ARTICLE{1970AJ.....75...13P,
   author = {{Peebles}, P.~J.~E.},
    title = "{Structure of the Coma Cluster of Galaxies}",
  journal = {\aj},
     year = 1970,
    month = feb,
   volume = 75,
    pages = {13},
      doi = {10.1086/110933},
   adsurl = {http://adsabs.harvard.edu/abs/1970AJ.....75...13P},
  adsnote = {Provided by the SAO/NASA Astrophysics Data System}
}
@ARTICLE{1963MNRAS.126..223A,
   author = {{Aarseth}, S.~J.},
    title = "{Dynamical evolution of clusters of galaxies, I}",
  journal = {\mnras},
     year = 1963,
   volume = 126,
    pages = {223},
      doi = {10.1093/mnras/126.3.223},
   adsurl = {http://adsabs.harvard.edu/abs/1963MNRAS.126..223A},
  adsnote = {Provided by the SAO/NASA Astrophysics Data System}
}
@ARTICLE{2000astro.ph..5502K,
   author = {{Klypin}, A.},
    title = "{Numerical Simulations in Cosmology I: Methods}",
  journal = {ArXiv Astrophysics e-prints},
   eprint = {astro-ph/0005502},
 keywords = {Astrophysics},
     year = 2000,
    month = may,
   adsurl = {http://adsabs.harvard.edu/abs/2000astro.ph..5502K},
  adsnote = {Provided by the SAO/NASA Astrophysics Data System}
}
@ARTICLE{2000ApJ...530..547J,
   author = {{Jain}, B. and {Seljak}, U. and {White}, S.},
    title = "{Ray-tracing Simulations of Weak Lensing by Large-Scale Structure}",
  journal = {\apj},
   eprint = {astro-ph/9901191},
 keywords = {COSMOLOGY: THEORY, COSMOLOGY: GRAVITATIONAL LENSING, METHODS: NUMERICAL},
     year = 2000,
    month = feb,
   volume = 530,
    pages = {547-577},
      doi = {10.1086/308384},
   adsurl = {http://adsabs.harvard.edu/abs/2000ApJ...530..547J},
  adsnote = {Provided by the SAO/NASA Astrophysics Data System}
}
@ARTICLE{1986ApJ...310..568B,
   author = {{Blandford}, R. and {Narayan}, R.},
    title = "{Fermat's principle, caustics, and the classification of gravitational lens images}",
  journal = {\apj},
 keywords = {Caustics (Optics), Fermat Principle, Gravitational Lenses, Quasars, Catastrophe Theory, Cusps (Mathematics), Dark Matter, Density Distribution, Elliptical Galaxies, Galactic Clusters},
     year = 1986,
    month = nov,
   volume = 310,
    pages = {568-582},
      doi = {10.1086/164709},
   adsurl = {http://adsabs.harvard.edu/abs/1986ApJ...310..568B},
  adsnote = {Provided by the SAO/NASA Astrophysics Data System}
}
@ARTICLE{2013ApJ...775...93D,
   author = {{Dahlen}, T. and {Mobasher}, B. and {Faber}, S.~M. and {Ferguson}, H.~C. and 
	{Barro}, G. and {Finkelstein}, S.~L. and {Finlator}, K. and 
	{Fontana}, A. and {Gruetzbauch}, R. and {Johnson}, S. and {Pforr}, J. and 
	{Salvato}, M. and {Wiklind}, T. and {Wuyts}, S. and {Acquaviva}, V. and 
	{Dickinson}, M.~E. and {Guo}, Y. and {Huang}, J. and {Huang}, K.-H. and 
	{Newman}, J.~A. and {Bell}, E.~F. and {Conselice}, C.~J. and 
	{Galametz}, A. and {Gawiser}, E. and {Giavalisco}, M. and {Grogin}, N.~A. and 
	{Hathi}, N. and {Kocevski}, D. and {Koekemoer}, A.~M. and {Koo}, D.~C. and 
	{Lee}, K.-S. and {McGrath}, E.~J. and {Papovich}, C. and {Peth}, M. and 
	{Ryan}, R. and {Somerville}, R. and {Weiner}, B. and {Wilson}, G.
	},
    title = "{A Critical Assessment of Photometric Redshift Methods: A CANDELS Investigation}",
  journal = {\apj},
archivePrefix = "arXiv",
   eprint = {1308.5353},
 keywords = {galaxies: distances and redshifts, galaxies: high-redshift, galaxies: photometry, surveys },
     year = 2013,
    month = oct,
   volume = 775,
      eid = {93},
    pages = {93},
      doi = {10.1088/0004-637X/775/2/93},
   adsurl = {http://adsabs.harvard.edu/abs/2013ApJ...775...93D},
  adsnote = {Provided by the SAO/NASA Astrophysics Data System}
}
@ARTICLE{2004MNRAS.353..529H,
   author = {{Hirata}, C.~M. and {Mandelbaum}, R. and {Seljak}, U. and {Guzik}, J. and 
	{Padmanabhan}, N. and {Blake}, C. and {Brinkmann}, J. and {Bud{\'a}vari}, T. and 
	{Connolly}, A. and {Csabai}, I. and {Scranton}, R. and {Szalay}, A.~S.
	},
    title = "{Galaxy-galaxy weak lensing in the Sloan Digital Sky Survey: intrinsic alignments and shear calibration errors}",
  journal = {\mnras},
   eprint = {astro-ph/0403255},
 keywords = {gravitational lensing, galaxies: haloes},
     year = 2004,
    month = sep,
   volume = 353,
    pages = {529-549},
      doi = {10.1111/j.1365-2966.2004.08090.x},
   adsurl = {http://adsabs.harvard.edu/abs/2004MNRAS.353..529H},
  adsnote = {Provided by the SAO/NASA Astrophysics Data System}
}
@ARTICLE{2003MNRAS.338...35R,
   author = {{Refregier}, A.},
    title = "{Shapelets - I. A method for image analysis}",
  journal = {\mnras},
   eprint = {astro-ph/0105178},
 keywords = {gravitational lensing, methods: analytical, methods: data analysis, techniques: image processing, surveys},
     year = 2003,
    month = jan,
   volume = 338,
    pages = {35-47},
      doi = {10.1046/j.1365-8711.2003.05901.x},
   adsurl = {http://adsabs.harvard.edu/abs/2003MNRAS.338...35R},
  adsnote = {Provided by the SAO/NASA Astrophysics Data System}
}
@ARTICLE{2003MNRAS.338...48R,
   author = {{Refregier}, A. and {Bacon}, D.},
    title = "{Shapelets - II. A method for weak lensing measurements}",
  journal = {\mnras},
   eprint = {astro-ph/0105179},
 keywords = {gravitational lensing, methods: data analysis, techniques: image processing, cosmology: observations, dark matter, large-scale structure of Universe},
     year = 2003,
    month = jan,
   volume = 338,
    pages = {48-56},
      doi = {10.1046/j.1365-8711.2003.05902.x},
   adsurl = {http://adsabs.harvard.edu/abs/2003MNRAS.338...48R},
  adsnote = {Provided by the SAO/NASA Astrophysics Data System}
}
@ARTICLE{2015arXiv150705598B,
   author = {{Becker}, M.~R. and {Troxel}, M.~A. and {MacCrann}, N. and {Krause}, E. and 
	{Eifler}, T.~F. and {Friedrich}, O. and {Nicola}, A. and {Refregier}, A. and 
	{Amara}, A. and {Bacon}, D. and {Bernstein}, G.~M. and {Bonnett}, C. and 
	{Bridle}, S.~L. and {Busha}, M.~T. and {Chang}, C. and {Dodelson}, S. and 
	{Erickson}, B. and {Evrard}, A.~E. and {Frieman}, J. and {Gaztanaga}, E. and 
	{Gruen}, D. and {Hartley}, W. and {Jain}, B. and {Jarvis}, M. and 
	{Kacprzak}, T. and {Kirk}, D. and {Kravtsov}, A. and {Leistedt}, B. and 
	{Rykoff}, E.~S. and {Sabiu}, C. and {Sanchez}, C. and {Seo}, H. and 
	{Sheldon}, E. and {Wechsler}, R.~H. and {Zuntz}, J. and {Abbott}, T. and 
	{Abdalla}, F.~B. and {Allam}, S. and {Armstrong}, R. and {Banerji}, M. and 
	{Bauer}, A.~H. and {Benoit-Levy}, A. and {Bertin}, E. and {Brooks}, D. and 
	{Buckley-Geer}, E. and {Burke}, D.~L. and {Capozzi}, D. and 
	{Carnero Rosell}, A. and {Carrasco Kind}, M. and {Carretero}, J. and 
	{Castander}, F.~J. and {Crocce}, M. and {Cunha}, C.~E. and {D'Andrea}, C.~B. and 
	{da Costa}, L.~N. and {DePoy}, D.~L. and {Desai}, S. and {Diehl}, H.~T. and 
	{Dietrich}, J.~P. and {Doel}, P. and {Fausti Neto}, A. and {Fernandez}, E. and 
	{Finley}, D.~A. and {Flaugher}, B. and {Fosalba}, P. and {Gerdes}, D.~W. and 
	{Gruendl}, R.~A. and {Gutierrez}, G. and {Honscheid}, K. and 
	{James}, D.~J. and {Kuehn}, K. and {Kuropatkin}, N. and {Lahav}, O. and 
	{Li}, T.~S. and {Lima}, M. and {Maia}, M.~A.~G. and {March}, M. and 
	{Martini}, P. and {Melchior}, P. and {Miller}, C.~J. and {Miquel}, R. and 
	{Mohr}, J.~J. and {Nichol}, R.~C. and {Nord}, B. and {Ogando}, R. and 
	{Plazas}, A.~A. and {Reil}, K. and {Romer}, A.~K. and {Roodman}, A. and 
	{Sako}, M. and {Sanchez}, E. and {Scarpine}, V. and {Schubnell}, M. and 
	{Sevilla-Noarbe}, I. and {Smith}, R.~C. and {Soares-Santos}, M. and 
	{Sobreira}, F. and {Suchyta}, E. and {Swanson}, M.~E.~C. and 
	{Tarle}, G. and {Thaler}, J. and {Thomas}, D. and {Vikram}, V. and 
	{Walker}, A.~R. and {The DES Collaboration}},
    title = "{Cosmic Shear Measurements with DES Science Verification Data}",
  journal = {ArXiv e-prints},
archivePrefix = "arXiv",
   eprint = {1507.05598},
 keywords = {Astrophysics - Cosmology and Nongalactic Astrophysics},
     year = 2015,
    month = jul,
   adsurl = {http://adsabs.harvard.edu/abs/2015arXiv150705598B},
  adsnote = {Provided by the SAO/NASA Astrophysics Data System}
}
@MISC{2015ascl.soft08008S,
   author = {{Sheldon}, E.},
    title = "{NGMIX: Gaussian mixture models for 2D images}",
 keywords = {Software},
howpublished = {Astrophysics Source Code Library},
     year = 2015,
    month = aug,
archivePrefix = "ascl",
   eprint = {1508.008},
   adsurl = {http://adsabs.harvard.edu/abs/2015ascl.soft08008S},
  adsnote = {Provided by the SAO/NASA Astrophysics Data System}
}
@ARTICLE{2010MNRAS.404..458V,
   author = {{Voigt}, L.~M. and {Bridle}, S.~L.},
    title = "{Limitations of model-fitting methods for lensing shear estimation}",
  journal = {\mnras},
archivePrefix = "arXiv",
   eprint = {0905.4801},
 keywords = {gravitational lensing, methods: data analysis, cosmology: observations},
     year = 2010,
    month = may,
   volume = 404,
    pages = {458-467},
      doi = {10.1111/j.1365-2966.2010.16300.x},
   adsurl = {http://adsabs.harvard.edu/abs/2010MNRAS.404..458V},
  adsnote = {Provided by the SAO/NASA Astrophysics Data System}
}
@ARTICLE{2014MNRAS.442.1326K,
   author = {{Kitching}, T.~D. and {Heavens}, A.~F. and {Alsing}, J. and 
	{Erben}, T. and {Heymans}, C. and {Hildebrandt}, H. and {Hoekstra}, H. and 
	{Jaffe}, A. and {Kiessling}, A. and {Mellier}, Y. and {Miller}, L. and 
	{van Waerbeke}, L. and {Benjamin}, J. and {Coupon}, J. and {Fu}, L. and 
	{Hudson}, M.~J. and {Kilbinger}, M. and {Kuijken}, K. and {Rowe}, B.~T.~P. and 
	{Schrabback}, T. and {Semboloni}, E. and {Velander}, M.},
    title = "{3D cosmic shear: cosmology from CFHTLenS}",
  journal = {\mnras},
archivePrefix = "arXiv",
   eprint = {1401.6842},
 keywords = {gravitational lensing: weak, cosmological parameters},
     year = 2014,
    month = aug,
   volume = 442,
    pages = {1326-1349},
      doi = {10.1093/mnras/stu934},
   adsurl = {http://adsabs.harvard.edu/abs/2014MNRAS.442.1326K},
  adsnote = {Provided by the SAO/NASA Astrophysics Data System}
}
@ARTICLE{2011MNRAS.412...65H,
   author = {{Hikage}, C. and {Takada}, M. and {Hamana}, T. and {Spergel}, D.
	},
    title = "{Shear power spectrum reconstruction using the pseudo-spectrum method}",
  journal = {\mnras},
archivePrefix = "arXiv",
   eprint = {1004.3542},
 primaryClass = "astro-ph.CO",
 keywords = {gravitational lensing: weak, methods: analytical, large-scale structure of Universe, cosmology: theory},
     year = 2011,
    month = mar,
   volume = 412,
    pages = {65-74},
      doi = {10.1111/j.1365-2966.2010.17886.x},
   adsurl = {http://adsabs.harvard.edu/abs/2011MNRAS.412...65H},
  adsnote = {Provided by the SAO/NASA Astrophysics Data System}
}
@INPROCEEDINGS{1996dmu..conf..281S,
   author = {{Schmalzing}, J. and {Kerscher}, M. and {Buchert}, T.},
    title = "{Minkowski Functionals in Cosmology}",
booktitle = {Dark Matter in the Universe},
     year = 1996,
   eprint = {astro-ph/9508154},
   editor = {{Bonometto}, S. and {Primack}, J.~R. and {Provenzale}, A.},
    pages = {281},
   adsurl = {http://adsabs.harvard.edu/abs/1996dmu..conf..281S},
  adsnote = {Provided by the SAO/NASA Astrophysics Data System}
}
@article{10.2307/2283154,
 ISSN = {01621459},
 URL = {http://www.jstor.org/stable/2283154},
 abstract = {In this article, four ratio estimators designated as simple, Quenouille's, Beale's and modified ratio estimators are compared with respect to bias, efficiency, approach to normality and computational convenience. They are shown to be asymptotically minimum variance bound estimators. Some additional ratio estimators are discussed briefly and compared with these. Quenouille's, Beale's, and modified ratio estimators are found to be more attractive than the alternatives compared.},
 author = {Myint Tin},
 journal = {Journal of the American Statistical Association},
 number = {309},
 pages = {294-307},
 publisher = {[American Statistical Association, Taylor & Francis, Ltd.]},
 title = {Comparison of Some Ratio Estimators},
 volume = {60},
 year = {1965}
}

@Article{Marsaglia:1965:RNV,
  author =       "George Marsaglia",
  title =        "Ratios of normal variables and ratios of sums of
                 uniform variables",
  journal =      j-J-AM-STAT-ASSOC,
  volume =       "60",
  number =       "309",
  pages =        "193--204",
  month =        mar,
  year =         "1965",
  CODEN =        "JSTNAL",
  ISSN =         "0162-1459 (print), 1537-274X (electronic)",
  ISSN-L =       "0162-1459",
  MRclass =      "60.20",
  MRnumber =     "31 \#2747",
  MRreviewer =   "S. R. Searle",
  bibsource =    "http://www.math.utah.edu/pub/bibnet/authors/m/marsaglia-george.bib;
                 http://www.math.utah.edu/pub/tex/bib/jamstatassoc.bib;
                 MathSciNet database",
  URL =          "http://www.jstor.org/stable/2283145",
  ZMnumber =     "0126.35302",
  fjournal =     "Journal of the American Statistical Association",
  journal-URL =  "http://www.tandfonline.com/loi/uasa20",
  keywords =     "statistics",
}
@article{Viola01042014,
author = {Viola, M. and Kitching, T. D. and Joachimi, B.}, 
title = {On the probability distributions of ellipticity},
volume = {439}, 
number = {2}, 
pages = {1909-1932}, 
year = {2014}, 
doi = {10.1093/mnras/stu071}, 
abstract ={In this paper we derive an exact full expression for the 2D probability distribution of the ellipticity of an object measured from data, only assuming Gaussian noise in pixel values. This is a generalization of the probability distribution for the ratio of single random variables, that is well known, to the multivariate case. This expression is derived within the context of the measurement of weak gravitational lensing from noisy galaxy images. We find that the third flattening, or ?-ellipticity, has a biased maximum likelihood but an unbiased mean; and that the third eccentricity, or normalized polarization ?, has both a biased maximum likelihood and a biased mean. The very fact that the bias in the ellipticity is itself a function of the ellipticity requires an accurate knowledge of the intrinsic ellipticity distribution of the galaxies in order to properly calibrate shear measurements. We use this expression to explore strategies for calibration of biases caused by measurement processes in weak gravitational lensing. We find that upcoming weak-lensing surveys like KiDS or DES require calibration fields of the order of several square degrees and 1.2 mag deeper than the wide survey in order to correct for the noise bias. Future surveys like Euclid will require calibration fields of order 40 square degree and several magnitude deeper than the wide survey. We also investigate the use of the Stokes parameters to estimate the shear as an alternative to the ellipticity. We find that they can provide unbiased shear estimates at the cost of a very large variance in the measurement. The python code used to compute the distributions presented in the paper and to perform the numerical calculations are available on request.}, 
URL = {http://mnras.oxfordjournals.org/content/439/2/1909.abstract}, 
eprint = {http://mnras.oxfordjournals.org/content/439/2/1909.full.pdf+html}, 
journal = {Monthly Notices of the Royal Astronomical Society} 
}
@ARTICLE{2001PhR...340..291B,
   author = {{Bartelmann}, M. and {Schneider}, P.},
    title = "{Weak gravitational lensing}",
  journal = {\physrep},
   eprint = {astro-ph/9912508},
     year = 2001,
    month = jan,
   volume = 340,
    pages = {291-472},
      doi = {10.1016/S0370-1573(00)00082-X},
   adsurl = {http://adsabs.harvard.edu/abs/2001PhR...340..291B},
  adsnote = {Provided by the SAO/NASA Astrophysics Data System}
}

@ARTICLE{1953ApJ...117..134L,
   author = {{Limber}, D.~N.},
    title = "{The Analysis of Counts of the Extragalactic Nebulae in Terms of a Fluctuating Density Field.}",
  journal = {\apj},
     year = 1953,
    month = jan,
   volume = 117,
    pages = {134},
      doi = {10.1086/145672},
   adsurl = {http://cdsads.u-strasbg.fr/abs/1953ApJ...117..134L},
  adsnote = {Provided by the SAO/NASA Astrophysics Data System}
}
@ARTICLE{2007A&A...473..711S,
   author = {{Simon}, P.},
    title = "{How accurate is Limber's equation?}",
  journal = {\aap},
   eprint = {astro-ph/0609165},
     year = 2007,
    month = oct,
   volume = 473,
    pages = {711-714},
      doi = {10.1051/0004-6361:20066352},
   adsurl = {http://adsabs.harvard.edu/abs/2007A%26A...473..711S},
  adsnote = {Provided by the SAO/NASA Astrophysics Data System}
}
@INPROCEEDINGS{1989woga.conf..208C,
   author = {{Capaccioli}, M.},
    title = "{Photometry of early-type galaxies and the R exp 1/4 law}",
 keywords = {Astronomical Photometry, Computational Astrophysics, Galactic Evolution, Astronomical Models, Elliptical Galaxies, Luminosity},
booktitle = {World of Galaxies (Le Monde des Galaxies)},
     year = 1989,
   editor = {{Corwin}, Jr., H.~G. and {Bottinelli}, L.},
    pages = {208-227},
   adsurl = {http://adsabs.harvard.edu/abs/1989woga.conf..208C},
  adsnote = {Provided by the SAO/NASA Astrophysics Data System}
}
@ARTICLE{2009ApJ...699..143O,
   author = {{Okura}, Y. and {Futamase}, T.},
    title = "{A New Method for Measuring Weak Gravitational Lensing Shear Using Higher Order Spin-2 HOLICs}",
  journal = {\apj},
archivePrefix = "arXiv",
   eprint = {0805.4498},
 keywords = {cosmology: theory, dark matter, galaxies: clusters: individual: A1689, gravitational lensing},
     year = 2009,
    month = jul,
   volume = 699,
    pages = {143-149},
      doi = {10.1088/0004-637X/699/1/143},
   adsurl = {http://adsabs.harvard.edu/abs/2009ApJ...699..143O},
  adsnote = {Provided by the SAO/NASA Astrophysics Data System}
}

@ARTICLE{2002AJ....123..583B,
   author = {{Bernstein}, G.~M. and {Jarvis}, M.},
    title = "{Shapes and Shears, Stars and Smears: Optimal Measurements for Weak Lensing}",
  journal = {\aj},
   eprint = {astro-ph/0107431},
 keywords = {Cosmology: Gravitational Lensing, Methods: Data Analysis, Techniques: Image Processing},
     year = 2002,
    month = feb,
   volume = 123,
    pages = {583-618},
      doi = {10.1086/338085},
   adsurl = {http://adsabs.harvard.edu/abs/2002AJ....123..583B},
  adsnote = {Provided by the SAO/NASA Astrophysics Data System}
}
@ARTICLE{2000ApJ...537..555K,
   author = {{Kaiser}, N.},
    title = "{A New Shear Estimator for Weak-Lensing Observations}",
  journal = {\apj},
   eprint = {astro-ph/9904003},
 keywords = {Cosmology: Dark Matter, Galaxies: Clusters: General, Cosmology: Gravitational Lensing, Cosmology: Large-Scale Structure of Universe},
     year = 2000,
    month = jul,
   volume = 537,
    pages = {555-577},
      doi = {10.1086/309041},
   adsurl = {http://adsabs.harvard.edu/abs/2000ApJ...537..555K},
  adsnote = {Provided by the SAO/NASA Astrophysics Data System}
}
@ARTICLE{1998NewAR..42..137H,
   author = {{Hoekstra}, H. and {Franx}, M. and {Kuijken}, K. and {Squires}, G.
	},
    title = "{Weak lensing analysis of CL 1358+62}",
  journal = {\nar},
   eprint = {astro-ph/9711096},
     year = 1998,
    month = aug,
   volume = 42,
    pages = {137-140},
      doi = {10.1016/S1387-6473(98)00035-9},
   adsurl = {http://adsabs.harvard.edu/abs/1998NewAR..42..137H},
  adsnote = {Provided by the SAO/NASA Astrophysics Data System}
}

@ARTICLE{1997ApJ...475...20L,
   author = {{Luppino}, G.~A. and {Kaiser}, N.},
    title = "{Detection of Weak Lensing by a Cluster of Galaxies at z = 0.83}",
  journal = {\apj},
   eprint = {astro-ph/9601194},
 keywords = {Galaxies: Clusters: Individual: Alphanumeric: MS 1054-03, Galaxies: Distances and Redshifts, Galaxies: Photometry, Cosmology: Gravitational Lensing},
     year = 1997,
    month = jan,
   volume = 475,
    pages = {20-28},
   adsurl = {http://adsabs.harvard.edu/abs/1997ApJ...475...20L},
  adsnote = {Provided by the SAO/NASA Astrophysics Data System}
}
@ARTICLE{1995ApJ...449..460K,
   author = {{Kaiser}, N. and {Squires}, G. and {Broadhurst}, T.},
    title = "{A Method for Weak Lensing Observations}",
  journal = {\apj},
   eprint = {astro-ph/9411005},
 keywords = {COSMOLOGY: OBSERVATIONS, COSMOLOGY: DARK MATTER, GALAXIES: FORMATION, COSMOLOGY: GRAVITATIONAL LENSING, COSMOLOGY: LARGE-SCALE STRUCTURE OF UNIVERSE},
     year = 1995,
    month = aug,
   volume = 449,
    pages = {460},
      doi = {10.1086/176071},
   adsurl = {http://adsabs.harvard.edu/abs/1995ApJ...449..460K},
  adsnote = {Provided by the SAO/NASA Astrophysics Data System}
}
@ARTICLE{2015PhR...558....1T,
   author = {{Troxel}, M.~A. and {Ishak}, M.},
    title = "{The intrinsic alignment of galaxies and its impact on weak gravitational lensing in an era of precision cosmology}",
  journal = {\physrep},
archivePrefix = "arXiv",
   eprint = {1407.6990},
 keywords = {Weak gravitational lensing, Intrinsic alignment, Cosmology, Large-scale structure},
     year = 2015,
    month = feb,
   volume = 558,
    pages = {1-59},
      doi = {10.1016/j.physrep.2014.11.001},
   adsurl = {http://adsabs.harvard.edu/abs/2015PhR...558....1T},
  adsnote = {Provided by the SAO/NASA Astrophysics Data System}
}
@MISC{2011ascl.soft08001K,
   author = {{Kaiser}, N.},
    title = "{IMCAT: Image and Catalogue Manipulation Software}",
 keywords = {Software},
howpublished = {Astrophysics Source Code Library},
     year = 2011,
    month = aug,
archivePrefix = "ascl",
   eprint = {1108.001},
   adsurl = {http://adsabs.harvard.edu/abs/2011ascl.soft08001K},
  adsnote = {Provided by the SAO/NASA Astrophysics Data System}
}
@ARTICLE{2003ApJ...593....1B,
   author = {{Berlind}, A.~A. and {Weinberg}, D.~H. and {Benson}, A.~J. and 
	{Baugh}, C.~M. and {Cole}, S. and {Dav{\'e}}, R. and {Frenk}, C.~S. and 
	{Jenkins}, A. and {Katz}, N. and {Lacey}, C.~G.},
    title = "{The Halo Occupation Distribution and the Physics of Galaxy Formation}",
  journal = {\apj},
   eprint = {astro-ph/0212357},
 keywords = {Cosmology: Theory, Galaxies: Formation, Galaxies: Halos, Cosmology: Large-Scale Structure of Universe},
     year = 2003,
    month = aug,
   volume = 593,
    pages = {1-25},
      doi = {10.1086/376517},
   adsurl = {http://adsabs.harvard.edu/abs/2003ApJ...593....1B},
  adsnote = {Provided by the SAO/NASA Astrophysics Data System}
}
@ARTICLE{2011AdAst2011E...6T,
   author = {{Taylor}, J.~E.},
    title = "{Dark Matter Halos from the Inside Out}",
  journal = {Advances in Astronomy},
archivePrefix = "arXiv",
   eprint = {1008.4103},
 primaryClass = "astro-ph.CO",
     year = 2011,
   volume = 2011,
      eid = {604898},
    pages = {604898},
      doi = {10.1155/2011/604898},
   adsurl = {http://adsabs.harvard.edu/abs/2011AdAst2011E...6T},
  adsnote = {Provided by the SAO/NASA Astrophysics Data System}
}
@ARTICLE{2006AJ....132.2685M,
   author = {{Merritt}, D. and {Graham}, A.~W. and {Moore}, B. and {Diemand}, J. and 
	{Terzi{\'c}}, B.},
    title = "{Empirical Models for Dark Matter Halos. I. Nonparametric Construction of Density Profiles and Comparison with Parametric Models}",
  journal = {\aj},
   eprint = {astro-ph/0509417},
 keywords = {Cosmology: Dark Matter, Galaxies: Halos, Methods: N-Body Simulations},
     year = 2006,
    month = dec,
   volume = 132,
    pages = {2685-2700},
      doi = {10.1086/508988},
   adsurl = {http://adsabs.harvard.edu/abs/2006AJ....132.2685M},
  adsnote = {Provided by the SAO/NASA Astrophysics Data System}
}
@ARTICLE{NFW,
   author = {{Navarro}, J.~F. and {Frenk}, C.~S. and {White}, S.~D.~M.},
    title = "{The Structure of Cold Dark Matter Halos}",
  journal = {\apj},
   eprint = {astro-ph/9508025},
 keywords = {COSMOLOGY: THEORY, COSMOLOGY: DARK MATTER, GALAXIES: HALOS, METHODS: NUMERICAL},
     year = 1996,
    month = may,
   volume = 462,
    pages = {563},
      doi = {10.1086/177173},
   adsurl = {http://adsabs.harvard.edu/abs/1996ApJ...462..563N},
  adsnote = {Provided by the SAO/NASA Astrophysics Data System}
}
@ARTICLE{1972ApJ1761G,
   author = {{Gunn}, J.~E. and {Gott}, III, J.~R.},
    title = "{On the Infall of Matter Into Clusters of Galaxies and Some Effects on Their Evolution}",
  journal = {\apj},
     year = 1972,
    month = aug,
   volume = 176,
    pages = {1},
      doi = {10.1086/151605},
   adsurl = {http://adsabs.harvard.edu/abs/1972ApJ...176....1G},
  adsnote = {Provided by the SAO/NASA Astrophysics Data System}
}
@ARTICLE{2014MNRAS.439..887M,
   author = {{Massey}, R. and {Schrabback}, T. and {Cordes}, O. and {Marggraf}, O. and 
	{Israel}, H. and {Miller}, L. and {Hall}, D. and {Cropper}, M. and 
	{Prod'homme}, T. and {Niemi}, S.-M.},
    title = "{An improved model of charge transfer inefficiency and correction algorithm for the Hubble Space Telescope}",
  journal = {\mnras},
archivePrefix = "arXiv",
   eprint = {1401.1151},
 primaryClass = "astro-ph.IM",
 keywords = {instrumentation: detectors, methods: data analysis, space vehicles: instruments},
     year = 2014,
    month = mar,
   volume = 439,
    pages = {887-907},
      doi = {10.1093/mnras/stu012},
   adsurl = {http://adsabs.harvard.edu/abs/2014MNRAS.439..887M},
  adsnote = {Provided by the SAO/NASA Astrophysics Data System}
}
@ARTICLE{2010A&A...523A...1J,
   author = {{Joachimi}, B. and {Bridle}, S.~L.},
    title = "{Simultaneous measurement of cosmology and intrinsic alignments using joint cosmic shear and galaxy number density correlations}",
  journal = {\aap},
archivePrefix = "arXiv",
   eprint = {0911.2454},
 keywords = {cosmology: theory, gravitational lensing: weak, large-scale structure of the Universe, cosmological parameters, methods: data analysis},
     year = 2010,
    month = nov,
   volume = 523,
      eid = {A1},
    pages = {A1},
      doi = {10.1051/0004-6361/200913657},
   adsurl = {http://cdsads.u-strasbg.fr/abs/2010A%26A...523A...1J},
  adsnote = {Provided by the SAO/NASA Astrophysics Data System}
}
@ARTICLE{2005A&A...441...47K,
   author = {{King}, L.~J.},
    title = "{Cosmic shear as a tool for precision cosmology: minimising intrinsic galaxy alignment-lensing interference}",
  journal = {\aap},
   eprint = {astro-ph/0506441},
 keywords = {gravitational lensing, cosmology: cosmological parameters},
     year = 2005,
    month = oct,
   volume = 441,
    pages = {47-53},
      doi = {10.1051/0004-6361:20053330},
   adsurl = {http://adsabs.harvard.edu/abs/2005A%26A...441...47K},
  adsnote = {Provided by the SAO/NASA Astrophysics Data System}
}
@ARTICLE{2003A&A...398...23K,
   author = {{King}, L.~J. and {Schneider}, P.},
    title = "{Separating cosmic shear from intrinsic galaxy alignments: Correlation function tomography}",
  journal = {\aap},
   eprint = {astro-ph/0209474},
 keywords = {cosmology: dark matter, cosmology: observations, methods: data analysis},
     year = 2003,
    month = jan,
   volume = 398,
    pages = {23-30},
      doi = {10.1051/0004-6361:20021614},
   adsurl = {http://cdsads.u-strasbg.fr/abs/2003A%26A...398...23K},
  adsnote = {Provided by the SAO/NASA Astrophysics Data System}
}
@ARTICLE{2009A&A...507..105J,
   author = {{Joachimi}, B. and {Schneider}, P.},
    title = "{The removal of shear-ellipticity correlations from the cosmic shear signal. Influence of photometric redshift errors on the nulling technique}",
  journal = {\aap},
archivePrefix = "arXiv",
   eprint = {0905.0393},
 primaryClass = "astro-ph.CO",
 keywords = {cosmology: theory, gravitational lensing, large-scale structure of Universe, cosmological parameters, methods: data analysis},
     year = 2009,
    month = nov,
   volume = 507,
    pages = {105-129},
      doi = {10.1051/0004-6361/200912420},
   adsurl = {http://cdsads.u-strasbg.fr/abs/2009A%26A...507..105J},
  adsnote = {Provided by the SAO/NASA Astrophysics Data System}
}
@ARTICLE{2008A&A...477...43J,
   author = {{Joachimi}, B. and {Schneider}, P. and {Eifler}, T.},
    title = "{Analysis of two-point statistics of cosmic shear. III. Covariances of shear measures made easy}",
  journal = {\aap},
archivePrefix = "arXiv",
   eprint = {0708.0387},
 keywords = {cosmology: theory, gravitational lensing, large-scale structure of Universe, methods: statistical},
     year = 2008,
    month = jan,
   volume = 477,
    pages = {43-54},
      doi = {10.1051/0004-6361:20078400},
   adsurl = {http://cdsads.u-strasbg.fr/abs/2008A%26A...477...43J},
  adsnote = {Provided by the SAO/NASA Astrophysics Data System}
}
@ARTICLE{2002A&A...396..411K,
   author = {{King}, L. and {Schneider}, P.},
    title = "{Suppressing the contribution of intrinsic galaxy alignments to the shear two-point correlation function}",
  journal = {\aap},
   eprint = {astro-ph/0208256},
 keywords = {cosmology: dark matter, cosmology: gravitational lensing},
     year = 2002,
    month = dec,
   volume = 396,
    pages = {411-418},
      doi = {10.1051/0004-6361:20021372},
   adsurl = {http://cdsads.u-strasbg.fr/abs/2002A%26A...396..411K},
  adsnote = {Provided by the SAO/NASA Astrophysics Data System}
}
@ARTICLE{2003MNRAS.339..711H,
   author = {{Heymans}, C. and {Heavens}, A.},
    title = "{Weak gravitational lensing: reducing the contamination by intrinsic alignments}",
  journal = {\mnras},
   eprint = {astro-ph/0208220},
 keywords = {gravitational lensing, galaxies: formation, cosmology: observations, large-scale structure of Universe},
     year = 2003,
    month = mar,
   volume = 339,
    pages = {711-720},
      doi = {10.1046/j.1365-8711.2003.06213.x},
   adsurl = {http://cdsads.u-strasbg.fr/abs/2003MNRAS.339..711H},
  adsnote = {Provided by the SAO/NASA Astrophysics Data System}
}

@ARTICLE{2013MNRAS.430.2476S,
   author = {{Simon}, P. and {Erben}, T. and {Schneider}, P. and {Heymans}, C. and 
	{Hildebrandt}, H. and {Hoekstra}, H. and {Kitching}, T.~D. and 
	{Mellier}, Y. and {Miller}, L. and {Van Waerbeke}, L. and {Bonnett}, C. and 
	{Coupon}, J. and {Fu}, L. and {Hudson}, M.~J. and {Kuijken}, K. and 
	{Rowe}, B.~T.~P. and {Schrabback}, T. and {Semboloni}, E. and 
	{Velander}, M.},
    title = "{CFHTLenS: higher order galaxy-mass correlations probed by galaxy-galaxy-galaxy lensing}",
  journal = {\mnras},
archivePrefix = "arXiv",
   eprint = {1301.1863},
 keywords = {gravitational lensing: weak, galaxies: haloes, dark matter, large-scale structure of Universe},
     year = 2013,
    month = apr,
   volume = 430,
    pages = {2476-2498},
      doi = {10.1093/mnras/stt069},
   adsurl = {http://adsabs.harvard.edu/abs/2013MNRAS.430.2476S},
  adsnote = {Provided by the SAO/NASA Astrophysics Data System}
}
@ARTICLE{2005A&A...432..783S,
   author = {{Schneider}, P. and {Watts}, P.},
    title = "{Galaxy-galaxy-galaxy lensing: Third-order correlations between the galaxy and mass distributions in the Universe}",
  journal = {\aap},
   eprint = {astro-ph/0502552},
 keywords = {gravitational lensing, cosmology: large-scale, structure of the Universe, galaxies: evolution, galaxies: statistics},
     year = 2005,
    month = mar,
   volume = 432,
    pages = {783-795},
      doi = {10.1051/0004-6361:20041923},
   adsurl = {http://cdsads.u-strasbg.fr/abs/2005A%26A...432..783S},
  adsnote = {Provided by the SAO/NASA Astrophysics Data System}
}
@ARTICLE{2006MNRAS.368..715M,
   author = {{Mandelbaum}, R. and {Seljak}, U. and {Kauffmann}, G. and {Hirata}, C.~M. and 
	{Brinkmann}, J.},
    title = "{Galaxy halo masses and satellite fractions from galaxy-galaxy lensing in the Sloan Digital Sky Survey: stellar mass, luminosity, morphology and environment dependencies}",
  journal = {\mnras},
   eprint = {astro-ph/0511164},
 keywords = {gravitational lensing , galaxies: haloes , galaxies: stellar content},
     year = 2006,
    month = may,
   volume = 368,
    pages = {715-731},
      doi = {10.1111/j.1365-2966.2006.10156.x},
   adsurl = {http://cdsads.u-strasbg.fr/abs/2006MNRAS.368..715M},
  adsnote = {Provided by the SAO/NASA Astrophysics Data System}
}

@ARTICLE{2013MNRAS.435..822R,
   author = {{Rowe}, B. and {Bacon}, D. and {Massey}, R. and {Heymans}, C. and 
	{H{\"a}u{\ss}ler}, B. and {Taylor}, A. and {Rhodes}, J. and 
	{Mellier}, Y.},
    title = "{Flexion measurement in simulations of Hubble Space Telescope data}",
  journal = {\mnras},
archivePrefix = "arXiv",
   eprint = {1211.0966},
 keywords = {gravitational lensing: weak, methods: data analysis, methods: observational, cosmology: observations},
     year = 2013,
    month = oct,
   volume = 435,
    pages = {822-844},
      doi = {10.1093/mnras/stt1353},
   adsurl = {http://adsabs.harvard.edu/abs/2013MNRAS.435..822R},
  adsnote = {Provided by the SAO/NASA Astrophysics Data System}
}

@ARTICLE{2006MNRAS.365..414B,
   author = {{Bacon}, D.~J. and {Goldberg}, D.~M. and {Rowe}, B.~T.~P. and 
	{Taylor}, A.~N.},
    title = "{Weak gravitational flexion}",
  journal = {\mnras},
   eprint = {astro-ph/0504478},
 keywords = {gravitational lensing, galaxies: haloes, dark matter, large-scale structure of Universe},
     year = 2006,
    month = jan,
   volume = 365,
    pages = {414-428},
      doi = {10.1111/j.1365-2966.2005.09624.x},
   adsurl = {http://adsabs.harvard.edu/abs/2006MNRAS.365..414B},
  adsnote = {Provided by the SAO/NASA Astrophysics Data System}
}
@ARTICLE{2005ApJ...619..741G,
   author = {{Goldberg}, D.~M. and {Bacon}, D.~J.},
    title = "{Galaxy-Galaxy Flexion: Weak Lensing to Second Order}",
  journal = {\apj},
   eprint = {astro-ph/0406376},
 keywords = {Galaxies: Halos, Galaxies: Structure, Cosmology: Gravitational Lensing},
     year = 2005,
    month = feb,
   volume = 619,
    pages = {741-748},
      doi = {10.1086/426782},
   adsurl = {http://adsabs.harvard.edu/abs/2005ApJ...619..741G},
  adsnote = {Provided by the SAO/NASA Astrophysics Data System}
}
@ARTICLE{2002ApJ...564...65G,
   author = {{Goldberg}, D.~M. and {Natarajan}, P.},
    title = "{The Galaxy Octopole Moment as a Probe of Weak-Lensing Shear Fields}",
  journal = {\apj},
   eprint = {astro-ph/0107187},
 keywords = {Cosmology: Dark Matter, Cosmology: Gravitational Lensing},
     year = 2002,
    month = jan,
   volume = 564,
    pages = {65-72},
      doi = {10.1086/324202},
   adsurl = {http://adsabs.harvard.edu/abs/2002ApJ...564...65G},
  adsnote = {Provided by the SAO/NASA Astrophysics Data System}
}
@ARTICLE{BJK,
   author = {{Bond}, J.~R. and {Jaffe}, A.~H. and {Knox}, L.},
    title = "{Estimating the power spectrum of the cosmic microwave background}",
  journal = {\prd},
   eprint = {astro-ph/9708203},
 keywords = {Background radiations},
     year = 1998,
    month = feb,
   volume = 57,
    pages = {2117-2137},
      doi = {10.1103/PhysRevD.57.2117},
   adsurl = {http://adsabs.harvard.edu/abs/1998PhRvD..57.2117B},
  adsnote = {Provided by the SAO/NASA Astrophysics Data System}
}

@ARTICLE{2013MNRAS.429.2249S,
   author = {{Simpson}, F. and {Heymans}, C. and {Parkinson}, D. and {Blake}, C. and 
	{Kilbinger}, M. and {Benjamin}, J. and {Erben}, T. and {Hildebrandt}, H. and 
	{Hoekstra}, H. and {Kitching}, T.~D. and {Mellier}, Y. and {Miller}, L. and 
	{Van Waerbeke}, L. and {Coupon}, J. and {Fu}, L. and {Harnois-D{\'e}raps}, J. and 
	{Hudson}, M.~J. and {Kuijken}, K. and {Rowe}, B. and {Schrabback}, T. and 
	{Semboloni}, E. and {Vafaei}, S. and {Velander}, M.},
    title = "{CFHTLenS: testing the laws of gravity with tomographic weak lensing and redshift-space distortions}",
  journal = {\mnras},
archivePrefix = "arXiv",
   eprint = {1212.3339},
 keywords = {gravitational lensing: weak, cosmology: observations},
     year = 2013,
    month = mar,
   volume = 429,
    pages = {2249-2263},
      doi = {10.1093/mnras/sts493},
   adsurl = {http://adsabs.harvard.edu/abs/2013MNRAS.429.2249S},
  adsnote = {Provided by the SAO/NASA Astrophysics Data System}
}

@ARTICLE{2007MNRAS.377.1623Z,
   author = {{Zhang}, M. and {Jackson}, N. and {Porcas}, R.~W. and {Browne}, I.~W.~A.
	},
    title = "{A search for the third lensed image in JVAS B1030+074}",
  journal = {\mnras},
   eprint = {astro-ph/0703226},
 keywords = {gravitational lensing, galaxies: structure, galaxies: individual: JVAS B1030+074},
     year = 2007,
    month = jun,
   volume = 377,
    pages = {1623-1634},
      doi = {10.1111/j.1365-2966.2007.11718.x},
   adsurl = {http://adsabs.harvard.edu/abs/2007MNRAS.377.1623Z},
  adsnote = {Provided by the SAO/NASA Astrophysics Data System}
}

@ARTICLE{2005PhRvD..72b3516C,
   author = {{Castro}, P.~G. and {Heavens}, A.~F. and {Kitching}, T.~D.},
    title = "{Weak lensing analysis in three dimensions}",
  journal = {\prd},
   eprint = {astro-ph/0503479},
 keywords = {Dark matter, Background radiations},
     year = 2005,
    month = jul,
   volume = 72,
   number = 2,
      eid = {023516},
    pages = {023516},
      doi = {10.1103/PhysRevD.72.023516},
   adsurl = {http://adsabs.harvard.edu/abs/2005PhRvD..72b3516C},
  adsnote = {Provided by the SAO/NASA Astrophysics Data System}
}

@ARTICLE{2002A&A...389..729S,
   author = {{Schneider}, P. and {van Waerbeke}, L. and {Mellier}, Y.},
    title = "{B-modes in cosmic shear from source redshift clustering}",
  journal = {\aap},
   eprint = {astro-ph/0112441},
 keywords = {cosmology, gravitational lensing, large-scale structure of the Universe},
     year = 2002,
    month = jul,
   volume = 389,
    pages = {729-741},
      doi = {10.1051/0004-6361:20020626},
   adsurl = {http://adsabs.harvard.edu/abs/2002A%26A...389..729S},
  adsnote = {Provided by the SAO/NASA Astrophysics Data System}
}


@ARTICLE{CowieEtAl96,
   author = {{Cowie}, L.~L. and {Songaila}, A. and {Hu}, E.~M. and {Cohen}, J.~G.
	},
    title = "{New Insight on Galaxy Formation and Evolution From Keck Spectroscopy of the Hawaii Deep Fields}",
  journal = {\aj},
   eprint = {astro-ph/9606079},
 keywords = {GALAXIES: FORMATION, GALAXIES: EVOLUTION, SURVEYS},
     year = 1996,
    month = sep,
   volume = 112,
    pages = {839},
      doi = {10.1086/118058},
   adsurl = {http://adsabs.harvard.edu/abs/1996AJ....112..839C},
  adsnote = {Provided by the SAO/NASA Astrophysics Data System}
}

@ARTICLE{DETF,
   author = {{Albrecht}, A. and {Bernstein}, G. and {Cahn}, R. and {Freedman}, W.~L. and 
	{Hewitt}, J. and {Hu}, W. and {Huth}, J. and {Kamionkowski}, M. and 
	{Kolb}, E.~W. and {Knox}, L. and {Mather}, J.~C. and {Staggs}, S. and 
	{Suntzeff}, N.~B.},
    title = "{Report of the Dark Energy Task Force}",
  journal = {ArXiv Astrophysics e-prints},
   eprint = {astro-ph/0609591},
 keywords = {Astrophysics},
     year = 2006,
    month = sep,
   adsurl = {http://adsabs.harvard.edu/abs/2006astro.ph..9591A},
  adsnote = {Provided by the SAO/NASA Astrophysics Data System}
}

@ARTICLE{DEIMOS,
   author = {{Melchior}, P. and {Viola}, M. and {Sch{\"a}fer}, B.~M. and 
	{Bartelmann}, M.},
    title = "{Weak gravitational lensing with DEIMOS}",
  journal = {\mnras},
archivePrefix = "arXiv",
   eprint = {1008.1076},
 primaryClass = "astro-ph.IM",
 keywords = {gravitational lensing: weak, techniques: image processing},
     year = 2011,
    month = apr,
   volume = 412,
    pages = {1552-1558},
      doi = {10.1111/j.1365-2966.2010.17875.x},
   adsurl = {http://adsabs.harvard.edu/abs/2011MNRAS.412.1552M},
  adsnote = {Provided by the SAO/NASA Astrophysics Data System}
}
@ARTICLE{1988ApJ3301S,
   author = {{Schneider}, P. and {Weiss}, A.},
    title = "{Light propagation in inhomogeneous universes - The ray-shooting method}",
  journal = {\apj},
 keywords = {Gravitational Lenses, Light Speed, Radiative Transfer, Universe, Wave Propagation, Cosmology, Einstein Equations, Light Beams, Red Shift},
     year = 1988,
    month = jul,
   volume = 330,
    pages = {1-15},
      doi = {10.1086/166450},
   adsurl = {http://adsabs.harvard.edu/abs/1988ApJ...330....1S},
  adsnote = {Provided by the SAO/NASA Astrophysics Data System}
}

@ARTICLE{Refsdal1970,
   author = {{Refsdal}, S.},
    title = "{On the Propagation of Light in Universes with Inhomogeneous Mass Distribution}",
  journal = {\apj},
     year = 1970,
    month = jan,
   volume = 159,
    pages = {357},
      doi = {10.1086/150316},
   adsurl = {http://adsabs.harvard.edu/abs/1970ApJ...159..357R},
  adsnote = {Provided by the SAO/NASA Astrophysics Data System}
}

@ARTICLE{COSEBI,
   author = {{Schneider}, P. and {Eifler}, T. and {Krause}, E.},
    title = "{COSEBIs: Extracting the full E-/B-mode information from cosmic shear correlation functions}",
  journal = {\aap},
archivePrefix = "arXiv",
   eprint = {1002.2136},
 keywords = {large-scale structure of Universe, gravitational lensing: weak, cosmological parameters, methods: statistical},
     year = 2010,
    month = sep,
   volume = 520,
      eid = {A116},
    pages = {A116},
      doi = {10.1051/0004-6361/201014235},
   adsurl = {http://adsabs.harvard.edu/abs/2010A%26A...520A.116S},
=======
@ARTICLE{2005PhRvD..72b3516C,
   author = {{Castro}, P.~G. and {Heavens}, A.~F. and {Kitching}, T.~D.},
    title = "{Weak lensing analysis in three dimensions}",
  journal = {\prd},
   eprint = {astro-ph/0503479},
 keywords = {Dark matter, Background radiations},
     year = 2005,
    month = jul,
   volume = 72,
   number = 2,
      eid = {023516},
    pages = {023516},
      doi = {10.1103/PhysRevD.72.023516},
   adsurl = {http://adsabs.harvard.edu/abs/2005PhRvD..72b3516C},
  adsnote = {Provided by the SAO/NASA Astrophysics Data System}
}

@ARTICLE{1993ApJ...404..441K,
   author = {{Kaiser}, N. and {Squires}, G.},
    title = "{Mapping the dark matter with weak gravitational lensing}",
  journal = {\apj},
 keywords = {Cosmology, Dark Matter, Galactic Clusters, Gravitational Lenses, Ellipticity, Galactic Mass, Mass Distribution},
     year = 1993,
    month = feb,
   volume = 404,
    pages = {441-450},
      doi = {10.1086/172297},
   adsurl = {http://adsabs.harvard.edu/abs/1993ApJ...404..441K},
  adsnote = {Provided by the SAO/NASA Astrophysics Data System}
}

@ARTICLE{2007MNRAS.382..315M,
   author = {{Miller}, L. and {Kitching}, T.~D. and {Heymans}, C. and {Heavens}, A.~F. and 
	{van Waerbeke}, L.},
    title = "{Bayesian galaxy shape measurement for weak lensing surveys - I. Methodology and a fast-fitting algorithm}",
  journal = {\mnras},
archivePrefix = "arXiv",
   eprint = {0708.2340},
 keywords = {gravitational lensing, methods: data analysis, methods: statistical, techniques: miscellaneous},
     year = 2007,
    month = nov,
   volume = 382,
    pages = {315-324},
      doi = {10.1111/j.1365-2966.2007.12363.x},
   adsurl = {http://adsabs.harvard.edu/abs/2007MNRAS.382..315M},
>>>>>>> 25230079696c367dad2416080a4d3d2573d1f6d6
  adsnote = {Provided by the SAO/NASA Astrophysics Data System}
}

@ARTICLE{2004PhRvD..70f3526H,
   author = {{Hirata}, C.~M. and {Seljak}, U.},
    title = "{Intrinsic alignment-lensing interference as a contaminant of cosmic shear}",
  journal = {\prd},
   eprint = {astro-ph/0406275},
 keywords = {Observational cosmology, Galactic halos, Gravitational lenses and luminous arcs},
     year = 2004,
    month = sep,
   volume = 70,
   number = 6,
      eid = {063526},
    pages = {063526},
      doi = {10.1103/PhysRevD.70.063526},
   adsurl = {http://adsabs.harvard.edu/abs/2004PhRvD..70f3526H},
  adsnote = {Provided by the SAO/NASA Astrophysics Data System}
}

@article{einstein16,
    author  = "A. Einstein",
    title   = "",
    year    = "1916",
    journal = "AnP",
    volume  = "354",
    pages   = "769",
    number  = ""
}


@book{janesick:2001,
   author = {{Janesick}, J.},
    title = "{Scientific Charge Coupled Devices}",
     year = 2001,
publisher = "SPIE"
   number = "(ISBN 0-8194-3698-4)"
}


@article{rhodes/etal:2010,
   author = {{Rhodes}, J. AND {Leauthaud}, A. AND {Stoughton}, C. AND
             {Massey}, R. AND {Dawson}, K. AND {Kolbe}, W. AND {Roe}, N.},
    title = "{The Effects of Charge Transfer Inefficiency (CTI) on Galaxy Shape
              Measurements}",
  journal = {\pasp},
archivePrefix = "arXiv",
   eprint = {1002.1479},
primaryClass = "astro-ph.IM",
 keywords = {Astronomical Instrumentation},
     year = 2010,
    month = apr,
   volume = 122,
    pages = {439-450},
      doi = {10.1086/651675},
   adsurl = {http://adsabs.harvard.edu/abs/2010PASP..122..439R},
  adsnote = {Provided by the SAO/NASA Astrophysics Data System}
}


@article{debruijne:2012,
   author = {{de Bruijne}, J.~H.~J.},
    title = "{Science performance of Gaia, ESA's space-astrometry mission}",
  journal = {\apss},
archivePrefix = "arXiv",
   eprint = {1201.3238},
primaryClass = "astro-ph.IM",
 keywords = {Astrometry, Photometry, Spectroscopy, CCD, Telescope, Data
             reduction, Calibration},
     year = 2012,
    month = sep,
   volume = 341,
    pages = {31-41},
      doi = {10.1007/s10509-012-1019-4},
   adsurl = {http://adsabs.harvard.edu/abs/2012Ap\%26SS.341...31D},
  adsnote = {Provided by the SAO/NASA Astrophysics Data System}
}